2032 2630
777 218 878 257 MVS
925 217 1176 265 c1T1LLVs,
1362 250 1364 253 .
1673 228 1745 268 ¹37

207 320 536 377 Experimentutn
570 318 715 360 diutius
745 318 970 371 producere
1009 319 1159 368 abituS,
1196 327 1316 371 quem
1341 324 1438 359 tune
1465 326 1488 358 e
1516 314 1653 360 Sibiria
1676 329 1745 371 pa-

207 396 362 444 rabam,
399 392 614 445 prohibuit.

342 487 549 528 Prodcunt
583 498 633 526 ex
664 485 944 537 hybernaculis
984 482 1107 522 Citilli
1144 483 1271 533 primo
1312 481 1438 523 statim
1470 495 1592 535 vere,
1637 483 1743 536 post-

206 569 325 611 quam
360 559 474 599 nives
512 556 736 605 defluxere,
775 556 960 606 adeoque
1005 553 1222 594 secundum
1261 553 1375 593 situm
1411 555 1591 595 locorum
1628 557 1741 596 citius

204 630 417 671 tardiusve.
489 628 555 668 Ad
595 626 788 667 Samaram
819 629 1053 677 plerumque
1089 623 1178 676 ipsis
1210 623 1356 675 Aprilis
1393 624 1531 675 initiis,
1568 626 1742 668 seriusve

204 701 245 741 in
281 700 462 751 depressis
498 699 567 738 vel
591 699 722 738 boreae
750 696 925 737 obversis
957 695 1091 743 clivis,
1128 695 1213 734 ubi-
1238 695 1383 735 lentius
1416 707 1588 747 pereunt
1624 699 1740 739 nives

203 770 273 810 vel
307 772 447 811 nivalis
481 770 624 810 humor
658 768 869 820 colligitur.
952 766 997 807 In
1031 764 1332 806 Astrachanensr
1369 765 1524 806 deserto
1555 766 1634 817 jam
1670 768 1740 808 sub

202 839 325 882 finem
357 840 584 886 Februarii3
621 840 661 878 in
694 838 848 888 insulis,
886 831 1100 890 t'epidaque
1140 836 1178 876 &
1203 836 1363 877 arenosa
1389 838 1575 877 convalle
1602 837 1742 878 Selen-

201 923 260 965 gae
294 911 383 963 ipsis
418 912 536 951 initiis
570 910 718 962 Aprilis
752 910 985 961 prodibant,
1023 917 1162 948 terram
1194 908 1263 947 vix
1296 908 1336 948 in
1361 907 1570 959 superficie
1598 909 1647 949 ad
1675 910 1742 949 ali-

202 993 304 1035 quot
339 982 483 1036 digitos
523 980 762 1021 transversos
814 980 1036 1032 degelatam
1077 978 1397 1030 pertundentes3
1444 987 1483 1019 at
1517 980 1557 1019 in
1593 982 1740 1031 campis

203 1052 253 1094 ad
280 1052 505 1097 Chilokr&
539 1052 673 1092 versus
707 1051 908 1091 Bai‘calem
944 1049 1052 1099 fitis,
1107 1051 1335 1100 aquilonem
1374 1049 1509 1090 versus
1546 1051 1740 1092 inclinatis

202 1125 329 1164 multo
355 1124 573 1164 tardius.—
608 1121 773 1173 Ubique
799 1121 1002 1174 prodeunt
1026 1121 1248 1170 macilenti,
1286 1130 1437 1160 tantum
1464 1121 1503 1160 in
1530 1121 1627 1174 iliis,
1647 1123 1741 1162 axil-

201 1196 247 1236 lis
278 1194 315 1235 &
345 1196 514 1236 omentis
548 1205 665 1245 parca
698 1191 832 1232 relicta
865 1192 1132 1247 pinguedine,
1170 1203 1287 1242 quam
1314 1201 1503 1231 autumno
1532 1191 1741 1243 copiosissi-

202 1277 267 1305 me
300 1267 558 1318 collegerant.
630 1263 772 1303 Debet
806 1275 924 1315 ergo,
961 1264 1057 1302 licet
1094 1262 1251 1314 torpida
1286 1262 1566 1310 circulatione,
1612 1264 1739 1302 conti-

202 1349 280 1377 nua
311 1335 399 1376 fieri
430 1335 552 1388 adipis
576 1336 617 1374 in
644 1334 872 1386 sanguinem
900 1333 1116 1384 resorptio,
1152 1334 1274 1384 inque
1300 1345 1481 1372 cruorem
1513 1332 1550 1372 &
1578 1334 1740 1374 alimen-

203 1417 286 1446 tum
328 1408 504 1459 corporis
532 1405 802 1445 absumtio.-
838 1404 1119 1444 Ventriculum
1158 1403 1196 1442 δε
1228 1402 1409 1442 intestina
1436 1413 1532 1444 tunc
1558 1405 1738 1445 invenias

201 1489 328 1517 vacua
360 1477 397 1517 &
422 1477 545 1528 usque
584 1475 686 1515 adeo
720 1473 942 1525 contracta,
999 1484 1044 1514 ut
1079 1475 1195 1514 etiam
1240 1473 1458 1515 sufflatione
1503 1475 1738 1515 vehementi

199 1549 269 1588 vix
301 1549 349 1588 ad
386 1547 589 1588 dimidium
632 1546 756 1586 solitae
800 1547 1023 1598 capacitatis
1069 1544 1236 1585 distendi
1283 1555 1451 1597 queant;
1507 1547 1624 1584 etiam
1661 1558 1738 1585 coe-

200 1631 315 1668 cum,
353 1620 533 1670 quamvis
565 1618 644 1658 hoc
679 1617 749 1657 sub
781 1615 905 1656 finem
948 1628 1111 1668 quoque
1152 1616 1307 1667 hyemis
1339 1615 1494 1667 semper
1530 1616 1646 1656 fuscae
1683 1617 1736 1657 sa-

198 1689 323 1730 burrae
357 1692 597 1742 aliquantum
634 1689 850 1728 contineat.
924 1687 1058 1727 Primis
1092 1687 1359 1740 temporibus,
1397 1688 1450 1726 ob
1488 1687 1590 1728 hanc
1616 1688 1736 1739 ipsam

198 1758 431 1810 stricturam,
471 1760 593 1800 Citilli
626 1759 781 1800 nonnifi
813 1759 1024 1812 parciffime
1053 1759 1184 1797 cibum
1223 1759 1404 1808 capiunt,
1444 1769 1614 1799 cavente
1649 1758 1736 1799 Na-

198 1840 304 1880 tura,
341 1840 386 1871 ut
416 1832 527 1871 lente
558 1843 580 1869 a
611 1831 796 1871 diuturno
830 1829 982 1880 jejunio
1019 1828 1259 1869 desuescant.
1332 1828 1477 1867 Nihilo
1511 1838 1641 1868 tamen
1677 1829 1735 1869 se-

200 1903 307 1951 cius,
343 1902 527 1953 hyberno
564 1901 703 1942 somno
740 1900 778 1940 &
815 1901 926 1940 diaeta
958 1899 1064 1950 quasi
1101 1900 1323 1950 praeparati,
1360 1897 1485 1937 statim
1516 1908 1634 1949 atque
1666 1912 1733 1940 ex-

200 1980 298 2013 eunt
330 1972 487 2013 tumidis
519 1971 682 2012 testibus
715 1984 864 2026 mares,
900 1969 1125 2021 floridoque
1157 1979 1271 2010 utero
1299 1967 1446 2009 femina
1475 1970 1513 2008 in
1539 1981 1732 2020 venerem

199 2051 330 2084 ruunt.
403 2042 555 2084 Videas
595 2051 691 2082 tunc
722 2043 771 2082 inv
794 2043 941 2094 campis
970 2042 1119 2093 ubique
1155 2052 1228 2091 per
1263 2041 1369 2091 paria
1403 2040 1731 2081 colludentes.-

197 2114 337 2168 ‘Quum
373 2113 458 2154 haec
489 2113 614 2165 glacie
645 2113 774 2153 adhuc
800 2112 961 2152 flumina
997 2120 1161 2165 tegente
1193 2110 1309 2160 fiant,
1346 2111 1463 2151 facile
1499 2111 1731 2163 perspicitur

201 2183 408 2237 quomodo
448 2196 521 2236 per
551 2184 735 2236 regiones
767 2184 916 2236 magnis
946 2181 1174 2223 fluminibus
1218 2181 1400 2222 diremtas
1435 2181 1606 2234 speciem
1638 2195 1729 2236 pro-

197 2257 375 2309 pagarint
405 2254 552 2303 Citilli;
589 2256 709 2294 immo
749 2255 873 2308 glacie
906 2254 1066 2305 abrepti·
1095 2254 1211 2292 etiam
1253 2254 1292 2292 in
1330 2253 1470 2294 insulas
1511 2255 1604 2293 mari
1648 2255 1730 2293 cin-

199 2326 279 2368 stas
329 2326 577 2379 tsansfretare
617 2334 864 2378 pot-uerunt:
920 2324 1031 2376 eujus
1079 2326 1338 2378 exemplum,
1391 2334 1579 2377 praeterea
1617 2325 1729 2377 quod

915 2394 941 2436 S
979 2407 1002 2434 2
