1948 2630
187 205 255 242 ug
743 194 845 231 MVS
887 191 1140 228 CITILLVS.

183 300 223 339 in
259 296 484 343 aridissimis,
520 291 785 345 salsuginosis,
825 292 942 331 etiam
974 287 1239 340 subhumidis,
1274 289 1482 341 praesertim
1525 288 1721 331 australio·

182 371 309 411 ribus:
348 377 481 417 neque
515 366 556 406 in
591 363 798 411 sabuloiis,
835 363 903 404 ubi
940 372 1074 402 tamen
1117 361 1245 400 minus
1276 363 1458 414 vulgares
1481 391 1493 411 ‚
1539 373 1617 401 nec
1650 359 1723 401 nist

183 436 362 492 depress'a
399 439 559 485 colunt,
582 422 665 476 'ubi
697 446 813 475 arena
845 435 965 486 magis
1005 432 1160 472 stabilis.
1270 430 1385 472 Circa
1426 435 1510 473 vias
1544 432 1724 484 publicas

182 513 419 563 plerumque
455 508 690 558 frequentes
724 506 924 554 habitant,
963 505 1015 543 ob
1043 504 1293 544 securitatem
1328 513 1428 555 puto
1460 518 1481 544 a
1506 503 1723 544 minoribus

182 582 306 628 feris,
362 581 416 620 ibi
452 578 653 629 majorem.
676 598 728 604 —
800 576 844 615 In
882 576 1018 615 Sibiria
1052 586 1185 626 neque
1222 587 1243 614 a
1276 574 1515 626 rupestribus
1549 560 1648 614 locis
1685 572 1723 613 δε

185 653 385 693 montibus
422 649 588 698 saxosis,
627 649 765 700 apricis
804 648 1042 693 abhorrent3
1087 645 1326 698 frigidasque
1366 649 1465 687 ultra
1496 645 1648 686 Lenam
1684 643 1724 685 δε

185 723 469 765 Kamtschatca:
494 721 677 774 planities
723 719 847 770 usque
885 728 1144 769 occuparunt.
1190 740 1239 746 —
1313 716 1357 756 In
1392 716 1625 769 quibusdam
1665 717 1723 755 lo-

186 798 262 843 cis,
300 794 433 834 nescio
473 807 520 833 an
556 793 690 843 pabuli
726 791 793 830 vel
826 789 896 829 soli
930 788 1150 840 aptitudine
1190 787 1354 842 adlecti,
1390 789 1485 828 mira
1511 789 1657 840 exiguo
1683 787 1724 826 in

185 867 351 906 circuitu
382 866 499 916 copia
535 862 747 903 confertim
783 861 982 900 habitant:
1036 861 1121 900 talis
1156 859 1212 899 est
1245 861 1356 912 regio
1391 861 1493 899 cirea
1528 858 1724 898 Samaram

184 936 399 990 qvpidunu
439 936 530 975 dein
561 932 687 973 Mons
709 923 947 992 L'lss‘hjllm
970 930 1277 982 Krasnojarenfis
1302 932 1473 982 regionis
1501 930 1549 971 ad
1571 928 1667 980 Yjus
1682 927 1723 968 fl.

184 1019 291 1048 totus
328 1007 443 1047 antris
487 1004 712 1044 Citillorum
764 1016 785 1042 a
822 1003 1083 1042 clementiore
1130 1003 1253 1042 latere
1293 1001 1623 1042 foraminulentus
1649 997 1724 1051 ''⁴);

185 1081 363 1129 talesque
399 1077 531 1116 insulse
564 1074 756 1127 Selengae.
830 1072 995 1125 Ubique
1030 1082 1162 1112 tamen
1198 1073 1298 1123 aptis
1331 1073 1429 1112 locis
1465 1085 1487 1113 e
1515 1069 1724 1122 copiosisfi-

184 1151 255 1190 mis
289 1148 377 1188 sunt
413 1147 665 1194 animalibus,
722 1145 760 1184 δε
797 1143 866 1183 niii
913 1146 1018 1184 culta
1058 1146 1148 1184 loca
1192 1145 1320 1184 minus
1362 1153 1567 1194 amarent,
1622 1143 1724 1182 inter

186 1221 283 1274 agris
311 1220 432 1261 noxia
465 1218 571 1257 haud
606 1216 783 1257 infimum
817 1217 952 1255 Iocum
987 1225 1242 1266 occuparent.

327 1290 534 1338 Seniores‚
568 1290 638 1327 vel
676 1289 743 1340 qui
786 1286 983 1327 seniorum
1018 1286 1192 1327 desertos
1229 1286 1436 1326 cuniculos
1461 1292 1724 1338 occuparunt,

185 1362 303 1403 facile
336 1361 511 1414 produnt
543 1359 735 1400 foramina
772 1358 852 1399 duo
888 1359 956 1396 vel
991 1358 1061 1396 tria
1095 1359 1283 1408 ampliora
1317 1368 1444 1404 coeca,
1489 1357 1536 1396 ad
1572 1357 1725 1407 aliquot

186 1432 342 1485 pastus,
387 1433 456 1472 vel
490 1433 615 1471 multo
649 1429 750 1482 saepe
785 1430 913 1468 minus
959 1427 1121 1477 diliita,
1160 1428 1359 1478 spithama:
1397 1429 1486 1478 pius
1522 1428 1649 1467 minus
1684 1428 1726 1466 in

184 1499 495 1557 profunditatem
527 1503 690 1555 pervia,
727 1512 895 1552 quorum
930 1511 1076 1547 unum,
1110 1500 1306 1549 praeterito
1341 1507 1531 1538 autumno
1567 1498 1726 1540 obtura-

186 1584 269 1615 tum
304 1585 444 1614 recens
475 1571 607 1624 egesta
639 1581 739 1611 terra
776 1570 936 1610 indicat.
1024 1568 1176 1609 Novus
1197 1599 1208 1617 ‚
1262 1582 1342 1619 quo
1382 1581 1432 1609 eo
1467 1580 1571 1609 anno
1604 1571 1726 1609 utitur

188 1647 349 1694 animal,
388 1645 531 1683 canalis
565 1641 762 1696 angustior
796 1640 851 1681 est
890 1641 1050 1691 reliquis
1085 1640 1121 1679 &
1158 1639 1294 1680 exa-ste
1328 1641 1501 1680 animalis
1533 1642 1727 1693 magnitu-

187 1717 267 1756 dini
300 1716 401 1755 solet
439 1713 516 1754 effe
553 1713 899 1765 proportionatus3
937 1712 1084 1751 nullam
1119 1712 1172 1750 ibi
1203 1721 1340 1750 terram
1376 1710 1547 1762 egestam
1572 1712 1725 1762 videas,

184 1787 252 1829 sed
278 1787 375 1826 nihil
408 1795 547 1836 praeter
574 1783 789 1823 rotundum
817 1783 985 1830 aditum,
1024 1784 1062 1821 in
1098 1793 1236 1822 terram
1273 1781 1491 1822 directione
1526 1782 1574 1820 ab
1609 1783 1723 1824 initio

185 1857 477 1911 perpendiculo
526 1857 761 1907 plerumque
810 1855 987 1904 proxima
1030 1852 1340 1893 descendentem
1383 1852 1420 1892 ἃ
1457 1854 1587 1893 herbis
1621 1853 1723 1905 ssepe

185 1931 237 1968 ita
267 1928 566 1974 obumbratum,
605 1935 648 1966 ut
680 1926 829 1976 lynceo
863 1925 929 1963 vix
957 1927 1078 1963 oculo
1109 1925 1241 1975 detegi
1273 1934 1405 1974 queat.
1478 1924 1602 1964 Antra
1628 1924 1724 1964 mai}

186 2002 365 2040 culorum
397 1998 657 2050 proportione
688 1995 854 2045 majora,
892 1996 930 2033 in
956 1995 1085 2034 media
1110 1996 1300 2034 varietate
1331 2005 1408 2034 tres
1438 1996 1581 2048 digitos
1603 2005 1724 2035 trans-

187 2071 325 2111 versim
360 2068 518 2120 jun&os
542 2068 658 2108 facile
698 2066 931 2114 admittunt,
970 2065 1061 2105 dum
1100 2065 1344 2106 i'oeminarum
1374 2066 1500 2106 aditus
1531 2066 1598 2105 vix
1626 2079 1647 2105 2
1667 2065 1722 2106 di-

187 2143 353 2195 gitorum
385 2141 575 2179 diametro
608 2147 752 2189 pateat.
827 2136 982 2176 Canalis
1018 2137 1127 2176 vario
1162 2138 1282 2188 gradu
1307 2137 1509 2187 obliquata
1542 2135 1724 2177 directio-

186 2224 237 2251 ne
276 2212 315 2250 in
347 2221 486 2250 terram
518 2219 720 2261 penetrat,
758 2208 798 2247 in
836 2207 921 2248 solo
955 2207 1118 2248 sicciore
1162 2209 1282 2261 magis
1316 2208 1534 2261 praecipiti,
1580 2208 1621 2248 in
1654 2209 1723 2249 de-

222 2311 269 2352 m)
288 2310 367 2342 Pali.
385 2309 470 2351 Reise
498 2308 586 2338 Ilm
609 2306 689 2340 Theti
724 2307 833 2350 μόζό.
