1948 2630
150 188 219 224 ωε
745 168 845 203 Mvs
890 164 1111 200 LEMMVS.

147 276 361 330 specimina
397 272 550 320 habeo,
587 271 709 321 longe
747 265 891 306 minori
926 262 1068 304 statura
1106 262 1144 302 &
1179 263 1318 303 colore
1356 274 1520 314 quoque
1558 257 1693 303 diver-

151 349 218 397 so,
251 356 294 386 ut
322 357 372 385 ex
397 344 517 383 icone
547 333 657 385 Tab.
688 331 796 382 XII.
834 331 892 380 B.
933 329 1180 392 cumlpriore
1209 335 1352 373 collata
1378 334 1416 373 &
1442 334 1699 386 descriptioni

149 409 223 459 bus
241 414 474 467 comparatis
502 410 719 457 constabit3
748 421 882 461 neque
919 417 1053 446 tamen
1076 406 1141 447 hic
1170 419 1191 446 a
1226 403 1473 457 Norvegicis
1509 403 1696 456 specifice

151 487 318 529 distineri
368 486 470 526 sunt.
551 483 605 523 Et
640 478 965 536 quandoquidem
1002 479 1043 517 in
1078 478 1211 518 vicina
1235 458 1507 517 Scarsdinaviae
1537 476 1698 528 Lappo-

151 564 217 602 nia
258 559 413 607 rustica,
459 555 604 611 (etiam
641 555 743 593 circa
779 548 949 603 Kolam)
987 561 1070 589 non
1108 550 1205 589 talcs
1243 549 1516 602 reperiuntur,
1553 548 1698 599 equales

155 647 177 674 e
215 630 461 683 Norvegicis
498 627 651 679 alpibus
687 636 759 677 per
795 623 1046 674 Lapponiam
1084 620 1293 661 suecanam
1329 619 1465 660 versus
1502 619 1701 658 orientem

154 706 318 756 migrare
374 699 524 742 solent:
580 695 834 737 confirmatur
882 693 997 742 inde,
1044 692 1151 732 haud
1195 693 1249 731 ita
1294 693 1415 744 longe
1463 704 1484 730 a
1526 690 1701 743 paternis

154 775 311 817 sedibus
350 772 548 812 exercitus
592 767 683 808 istos
729 764 974 817 procedere,
1021 763 1089 804 scd
1126 764 1167 802 in
1204 763 1354 802 vicinas
1407 762 1591 812 planities
1645 760 1702 801 di-

159 847 287 899 spergi
339 844 409 883 vel
444 842 652 882 maximam
694 848 844 889 partem
889 836 1042 887 perire,
1093 834 1321 874 fluminibus
1376 834 1454 886 autss
1497 833 1611 872 maris
1655 830 1701 871 si-

156 931 237 966 nu,
273 914 408 955 versus
445 923 566 963 quem
591 912 828 962 plerumque
863 918 1005 959 agmen
1042 906 1237 958 dirigunt,
1263 903 1474 944 demersos.
1548 902 1705 943 Eadem

155 999 320 1040 quoque
366 993 584 1024 LINNAEI
622 980 660 1020 &
697 980 860 1018 aliorum
900 976 1105 1017 observata
1141 976 1336 1025 innuunt,
1380 975 1450 1026 qui
1492 975 1704 1026 migrantes

156 1056 353 1100 immensis
390 1055 516 1106 copiis
552 1064 707 1100 mures,
744 1062 827 1090 non
865 1049 991 1088 solum
1030 1056 1241 1099 antequam
1277 1046 1325 1085 ab
1364 1047 1498 1096 alpino
1522 1044 1618 1097 ,iugo
1657 1043 1708 1085 ad

155 1130 260 1170 finus
304 1126 495 1168 Bothnici
538 1125 668 1164 littora
709 1121 969 1173 perveniant,
1014 1119 1234 1170 plerosque
1279 1118 1427 1157 itineris
1472 1116 1622 1156 casibus
1668 1114 1708 1155 &

158 1202 327 1242 ferarum
367 1198 488 1239 dente
533 1197 662 1248 perire
699 1193 880 1239 tradunt3
917 1190 984 1231 sed
1023 1189 1060 1229 &
1096 1190 1296 1243 reliquos,
1320 1184 1429 1229 licet
1465 1188 1534 1228 vix
1570 1197 1707 1228 cente-

155 1273 250 1314 fima
285 1270 386 1321 saepe
422 1267 670 1320 migrantium
714 1276 824 1315 pars,
860 1274 943 1302 non
988 1263 1029 1302 in
1075 1260 1212 1301 diffitas
1248 1260 1434 1312 regiones
1473 1259 1602 1309 abire,
1639 1258 1708 1299 sed

163 1344 397 1394 insequente
436 1338 564 1378 aestate
613 1336 806 1383 reduces,
845 1335 980 1374 denuo
1018 1332 1152 1372 versus
1191 1332 1324 1382 alpes,
1373 1329 1519 1370 eodem
1570 1330 1710 1369 ordine

159 1416 198 1457 &
224 1411 520 1466 perseverantia
555 1419 722 1460 pergere
753 1414 1182 1445 HOEGSTROEMIVS
1207 1401 1390 1450 testatur,
1417 1413 1585 1441 numero
1603 1400 1712 1452 equi-

157 1487 250 1529 dem
292 1486 333 1524 in
377 1490 529 1522 tantum
573 1479 803 1525 deminuto,
847 1484 890 1516 ut
934 1475 1035 1525 saepe
1071 1474 1141 1514 vix
1177 1472 1407 1527 observatus
1448 1471 1571 1512 fuerit
1614 1470 1739 1518 redi-¹

161 1569 237 1599 tUS.

300 1634 502 1699 Discimus
541 1656 591 1684 ex
624 1641 794 1689 eodem,
828 1641 866 1679 in
906 1637 1214 1690 campestribus,
1259 1637 1444 1688 quorsum
1476 1637 1712 1690 migrarunt,

166 1720 320 1774 sparsim
364 1718 538 1757 habitare
574 1713 791 1761 Lemmos3
832 1724 909 1751 nec
938 1711 1144 1750 sociabiles
1169 1707 1318 1756 videri;
1345 1710 1383 1747 in
1422 1708 1576 1758 alpibus
1609 1717 1711 1746 vei-o

167 1794 242 1834 illis
280 1790 408 1836 annis,
442 1787 584 1836 quibus
620 1784 871 1836 migrationes
923 1782 1130 1828 accidunt,
1177 1791 1328 1829 paucos
1369 1778 1582 1818 admodum
1624 1775 1714 1816 refi-

172 1866 240 1906 des
280 1858 491 1901 observari.
565 1865 855 1900 LINNAEVs,
894 1853 961 1902 qui
1002 1849 1190 1890 LemmOs
1226 1850 1264 1888 in
1312 1850 1441 1898 alpina
1483 1850 1604 1897 patria
1643 1848 1715 1887 ob-

169 1934 340 1974 servavit
380 1929 483 1980 ipse,
531 1913 631 1966 adeo
679 1923 950 1978 copiososnibi
988 1922 1161 1960 habitare
1203 1920 1322 1968 dicit,
1359 1929 1402 1959 ut
1434 1931 1558 1960 rarum
1603 1929 1713 1959 terrae

171 2006 286 2046 tuber
320 2002 399 2041 sine
438 2007 548 2038 antro
583 1996 742 2043 videas,
782 1992 891 2044 quod
928 1992 1028 2031 solet
1063 1988 1141 2031 esse
1191 1990 1602 2040 latitudinemanus,
1645 1990 1715 2031 sed

169 2077 237 2116 vix
281 2072 485 2112 altitudine
530 2068 662 2118 digiti,
710 2077 877 2115 raroque
921 2063 1097 2113 pluribus
1135 2074 1348 2101 commune
1391 2060 1715 2112 deprehenditur.

171 2146 276 2186 Tota
319 2146 408 2183 illos
444 2143 591 2190 hyeme
629 2139 760 2189 vagari
792 2135 828 2174 &
858 2134 1211 2190 ssntmmcnrvs
1242 2134 1385 2180 docet,
1427 2132 1464 2171 ἂι
1501 2132 1606 2185 apud
1642 2146 1717 2174 nos

176 2215 426 2256 observatum
470 2210 548 2254 cst„
587 2208 694 2248 unde
728 2205 939 2246 Marmotis
979 2204 1223 2244 adnumerari
1269 2213 1496 2254 nequeunt,
1538 2217 1614 2244 nec
1648 2217 1718 2256 pe-

177 2297 274 2328 num
326 2283 411 2323 fere
456 2284 579 2322 ullum
607 2280 812 2333 colligunt.
928 2274 1082 2316 Monet
1128 2276 1246 2315 eciam
1293 2287 1519 2326 RYCAVT,
1569 2275 1717 2327 hyeme
