2032 2630
762 210 980 248 SCIVRVS
1004 211 1271 249 STRIATVS.
1707 228 1778 266 379

246 310 444 362 spithamae
475 306 745 360 profunditate
782 309 908 349 canali
941 308 1121 351 flexuoso
1159 311 1362 360 adeunda,
1401 313 1548 354 alterne
1586 314 1782 356 coarctata

249 390 368 431 atque
407 378 588 427 dilatata,
625 380 693 418 vel
729 380 852 419 varias
878 380 918 417 in
945 390 1117 419 cameras
1151 381 1398 422 cohaerentes
1426 381 1647 435 dispertita,
1683 398 1778 438 qua-

248 462 334 491 rum
370 461 447 489 una
483 460 556 500 pro
592 448 710 497 nido,
770 450 946 500 reliquae
998 449 1098 500 saepe
1159 449 1244 491 duae
1281 451 1350 490 vel
1386 461 1464 492 tres
1507 466 1579 505 pro
1617 466 1777 508 promp-

248 521 377 560 tuariis
424 519 610 559 serviunt.
712 517 810 558 Haee
853 521 1121 571 promptuaria
1165 529 1354 561 autumno
1392 523 1559 562 maxime
1596 527 1777 576 replent,

247 590 423 641 ideoque
471 588 519 629 ad
557 588 751 629 Octobrin
792 590 943 641 usque,
995 589 1207 643 subfrigida
1242 592 1338 631 licet
1381 593 1636 645 tempestate,
1681 608 1778 636 con-

242 662 352 701 tinua
387 672 460 711 per
489 669 590 699 totas
628 660 711 700 dies
750 661 952 714 diligentia
987 669 1201 713 vagantur,
1239 661 1277 700 δε
1301 671 1397 702 tunc
1425 664 1528 704 circa
1553 666 1659 715 vias,
1705 667 1776 706 ubi

250 733 468 782 plantarum
512 730 670 779 semina,
713 732 793 770 imo
833 742 953 782 grano
1000 742 1052 770 ex
1097 743 1291 783 equorum
1332 732 1526 784 stercore,
1586 736 1777 790 colligere

243 798 428 852 poliunt,
474 800 624 839 nullum
669 800 917 852 frequentius
953 802 1252 853 animalculum‚
1297 804 1465 843 maxime
1508 805 1609 845 inter
1639 805 1777 847 Obum

242 871 280 910 δε
315 870 525 919 Ieniseam,
564 879 755 910 occurrat.
829 870 911 923 Qui
948 881 1042 911 tunc
1080 881 1188 912 extra
1224 883 1332 913 antra
1368 874 1597 924 capiuntur,
1640 876 1773 916 saccu-

243 942 304 982 los
358 941 570 988 buccaleS,
630 941 772 992 quibus
818 941 902 981 haec
957 939 1039 981 sola
1081 943 1185 982 inter
1230 942 1387 983 Sciuros
1431 944 1606 996 species,
1659 940 1775 986 instar

245 1011 415 1060 Criceti‚
452 997 715 1063 *capaciffimis
761 1009 942 1051 instructa
988 1010 1066 1061 est,
1110 1013 1321 1054 seminibus
1359 1015 1474 1055 variis
1510 1015 1773 1058 refertissirnos

241 1090 405 1135 gerunt3
443 1082 545 1121 inter
581 1094 687 1132 quae,
733 1092 871 1132 praeter
907 1082 1088 1123 arborum
1135 1082 1377 1124 acifoliarum
1423 1085 1593 1134 semina,
1645 1084 1774 1127 Hera-

241 1154 317 1192 clei
347 1151 486 1191 fibirici
513 1151 551 1190 &
586 1151 785 1203 Polygoni
823 1154 1026 1192 avicularis
1062 1152 1368 1204 frequentissima
1397 1153 1475 1193 esse
1512 1156 1654 1196 solent.
1726 1157 1774 1196 In

239 1223 358 1274 sylvis
409 1223 535 1262 nobili
581 1221 760 1262 Cembrae
811 1232 1014 1274 proventu
1056 1224 1333 1275 frequentibus
1376 1225 1481 1265 solos
1524 1225 1609 1266 fere
1654 1227 1771 1277 hujus

238 1295 406 1333 nucleos
444 1301 691 1344 congerunt,
728 1302 834 1333 tanta
870 1293 970 1345 sape
1008 1296 1144 1345 copia,
1183 1305 1225 1334 ut
1261 1307 1311 1335 ex
1335 1307 1416 1335 uno
1455 1304 1566 1336 antro
1605 1297 1770 1348 decem,

237 1366 316 1404 imo
353 1362 445 1402 XV.
485 1363 665 1403 librarum
703 1376 889 1404 acervum
926 1363 1212 1405 leffiffimorum
1250 1365 1374 1406 effodi
1412 1366 1592 1407 viderim.
1685 1368 1772 1408 De-

238 1435 397 1474 cidente
435 1434 582 1473 deinde
626 1435 720 1473 nive
765 1435 805 1473 in
852 1443 959 1474 antra
1005 1435 1138 1476 haecce
1177 1436 1241 1476 sua
1277 1436 1317 1476 se
1362 1437 1566 1486 condunt,
1610 1437 1648 1478 &
1683 1439 1771 1479 nus-

238 1518 352 1557 quam
391 1514 605 1554 apparent,
643 1503 816 1544 coneeffio
854 1517 963 1556 penu
1002 1506 1200 1546 viventes.

379 1575 490 1614 Sicut
527 1574 585 1615 his
621 1575 795 1615 moribus
832 1574 870 1614 &
915 1574 1078 1616 sacculis
1128 1577 1358 1617 buccalibus
1406 1576 1568 1616 Criceto
1616 1578 1654 1619 &
1702 1579 1768 1620 Ci-

237 1646 323 1685 tillo
368 1646 488 1685 affinis
542 1644 598 1685 est
643 1644 801 1685 Sciurus
856 1644 1028 1696 furatus,
1088 1647 1140 1686 ita
1188 1646 1227 1687 &
1269 1647 1362 1687 naso
1409 1660 1600 1689 convexo
1647 1649 1769 1690 fosson

238 1718 296 1756 rio
343 1715 604 1767 posteriorem
640 1714 774 1755 refert.
859 1715 968 1755 Toto
1013 1717 1131 1756 etiam
1177 1717 1314 1757 habitu
1359 1730 1379 1756 a
1416 1718 1558 1758 Sciuris
1597 1721 1768 1762 arboreis

241 1788 483 1838 aliquantum
523 1784 736 1837 discrepat,
793 1784 978 1836 adeoque
1025 1798 1115 1827 cum
1152 1789 1312 1840 reliquis
1349 1787 1491 1828 Sciuris
1527 1788 1661 1830 striatis
1697 1804 1768 1842 pe-

238 1859 423 1898 culiarem
460 1857 616 1908 generis
652 1856 890 1910 phalangem
928 1855 1142 1896 constituit.
1262 1857 1393 1910 Caput
1438 1859 1651 1911 oblongius
1698 1862 1786 1905 ha„

238 1930 333 1976 bet,
391 1939 507 1977 quain
552 1927 758 1977 vulgares,
813 1938 924 1967 aures
972 1928 1096 1967 nudas
1142 1927 1392 1974 rotundatas3
1449 1929 1610 1970 caudam
1648 1932 1765 1972 villo-

236 2000 278 2041 so
315 2023 331 2031 -
367 1997 680 2048 teretiusculam,
756 2009 873 2042 quam
924 1998 1052 2036 minus
1098 1999 1238 2038 crebro
1275 1998 1463 2049 resseftit‚
1522 2012 1666 2051 corpus
1697 2002 1766 2043 de-

238 2073 359 2121 nique
424 2068 603 2119 gracilius
657 2066 696 2106 &
748 2077 849 2108 artus
907 2068 1137 2115 breviores3
1207 2071 1337 2109 vellus
1388 2081 1551 2122 quoque
1604 2073 1765 2122 perbre-

234 2154 287 2182 ve
326 2139 364 2179 &
399 2140 527 2179 minus
564 2146 766 2187 tenerum,
813 2139 967 2178 murino
1005 2140 1140 2191 generi
1176 2138 1346 2180 similius.
1435 2141 1625 2182 Attamen
1663 2142 1765 2183 diur-

234 2224 329 2253 num
366 2210 457 2249 vitae
507 2220 632 2261 genus
685 2207 723 2247 &
766 2208 877 2260 quod
929 2209 1077 2259 hyeme
1125 2208 1207 2251 fine
1250 2211 1395 2262 sopore
1448 2214 1618 2268 lateant,
1672 2228 1764 2257 cum

235 2283 376 2324 Sciuris
419 2281 552 2332 potius
598 2290 810 2320 commune
855 2279 1018 2320 habent.
