1948 2630
191 179 264 216 290
790 165 892 203 MVS
933 163 1170 203 IACVLVS.

328 266 500 308 Aluntur
552 262 671 306 facile
722 265 1014 318 vegetabilibus
1056 264 1317 317 succulentis,
1361 265 1502 318 variis,
1546 265 1728 319 brafficaej

191 339 352 387 carotis,
389 347 506 389 pane.
578 334 808 378 ECitrullis
846 336 988 378 oblatis
1016 335 1146 379 noctu
1173 337 1440 390 parenchyma
1466 346 1618 394 toturn,
1655 350 1728 390 per

189 410 345 450 unicam
383 419 624 460 aperturam,
661 407 756 449 scite
795 417 1012 459 excavant,
1049 406 1186 449 relicto
1225 410 1374 450 cortice
1412 409 1450 449 &
1493 409 1728 459 seminibus,

189 481 300 532 quod
338 479 375 520 &
411 481 450 520 in
488 480 632 530 hortis,
669 481 812 533 quibus
849 480 889 520 hi
926 478 1074 521 fructus
1113 493 1200 522 cum
1240 479 1478 535 Melonibus
1516 482 1726 530 coluntur,

186 551 288 603 saepe
328 551 458 592 facere
495 551 637 592 solent.
711 551 854 592 Potum
886 551 938 591 sic
975 553 1128 593 nullum
1164 553 1391 604 requirunt,
1429 564 1551 603 quum
1584 564 1634 592 ex
1660 553 1727 592 ali-

186 624 330 664 mentis
368 623 542 664 humoris
579 616 730 664 tantum
767 624 944 676 capiant,
981 632 1026 664 ut
1062 625 1179 664 etiam
1216 625 1367 665 urinam
1404 623 1604 676 copiosam
1650 622 1726 676 (ad

187 695 341 745 aliquot
397 696 577 745 quotidie
624 692 784 746 uncias)
830 696 987 736 mittere
1032 695 1195 747 poffint3
1250 706 1366 747 quam
1411 703 1543 734 tamen
1587 694 1722 745 saepius

185 766 407 806 lambentes
445 765 538 805 vidi.
613 764 783 805 crudam
823 767 939 805 etiam
976 778 1133 806 carnem
1171 775 1366 817 appetunt
1402 767 1440 805 &
1484 766 1725 805 avicularum

185 837 335 875 viscera
385 837 515 876 herbis
561 836 786 887 praeferunt.
868 835 1084 888 Selengiae‚
1130 837 1198 876 ubi
1244 838 1391 876 multos
1436 848 1518 876 uno
1565 847 1723 876 carcere

184 906 357 947 inclusos
393 907 617 956 servabam,
664 908 773 947 omni
810 906 895 946 fere
941 919 1056 946 mane
1104 906 1225 960 (licet
1269 908 1394 947 amice
1438 908 1541 946 inter
1584 907 1623 946 ie
1668 909 1726 946 vi-

181 989 280 1017 vere
319 975 575 1029 viderentur>
613 978 749 1017 saltem
787 988 911 1018 unum
948 986 1148 1019 mortuum
1185 976 1310 1018 exesis
1358 978 1484 1017 oculis
1510 970 1569 1017 ’ἀ
1613 987 1724 1018 cere.>

181 1048 279 1098 bro,
318 1049 450 1088 cranio
489 1061 560 1099 per
597 1049 740 1088 orbitas
779 1049 1005 1099 exinanito,
1043 1047 1313 1089 offendebam.
1409 1047 1620 1100 Mongolis
1666 1059 1723 1089 at.

183 1131 262 1170 que
299 1119 459 1160 Buraetis
497 1119 599 1159 fama
635 1118 758 1160 fertur
794 1119 949 1160 Iaculos
986 1119 1108 1160 noctu
1145 1119 1192 1160 ad
1241 1120 1382 1160 ovillas
1426 1131 1565 1174 greges
1611 1132 1722 1160 accc-

181 1190 277 1231 dei-e
316 1190 353 1230 &
391 1192 527 1230 ovium
565 1191 686 1231 ubera
723 1190 884 1242 sugcre;
923 1192 961 1231 in
1000 1204 1082 1242 quo
1120 1192 1159 1230 id
1199 1201 1306 1232 certe
1351 1191 1439 1234 veni
1488 1189 1564 1241 est,
1612 1191 1723 1244 quod

180 1260 302 1303 noctu
340 1262 526 1302 lubenter
562 1263 664 1303 inter
701 1274 840 1314 greges
884 1264 1030 1303 lanatas
1075 1264 1217 1303 versari
1261 1262 1436 1312 soleant,
1482 1274 1577 1314 quas
1622 1262 1723 1303 salti-

180 1333 254 1374 bus
290 1333 390 1385 saepe
429 1331 644 1374 disturbant
681 1333 718 1373 &
753 1332 1097 1385 perterrefaciunt.

317 1483 362 1523 In
401 1483 560 1524 desertis
597 1483 912 1526 occidentalibus
951 1495 997 1525 ea
1040 1483 1248 1537 praesertim
1293 1485 1382 1525 loca
1427 1485 1588 1534 colunt,
1635 1497 1720 1536 qnae

177 1554 406 1606 Tuliparum
443 1557 660 1606 proventui
714 1558 822 1596 vario
876 1557 1036 1604 favent,
1092 1568 1256 1608 quarum
1303 1557 1356 1595 ibi
1400 1556 1530 1596 bulbis
1577 1555 1717 1596 effofiis

179 1627 404 1667 vescuntur.
505 1626 709 1667 Oleraceis
755 1637 887 1667 tamen
931 1627 1064 1667 herbis
1108 1627 1373 1676 desertorum,
1412 1625 1715 1678 Clienopodiis,

179 1697 459 1748 Atriplicilwuffi
497 1696 652 1745 Salsolis
690 1710 853 1750 quoque
892 1698 928 1738 δε
966 1698 1190 1737 Salicorniis
1227 1698 1427 1748 praecipue
1465 1698 1632 1746 vivunt,
1681 1699 1749 1738 &

179 1782 200 1808 a
226 1768 318 1808 salso
356 1767 459 1807 force
484 1768 632 1819 pabulo
671 1769 812 1807 minori
849 1768 989 1808 statura
1025 1767 1246 1808 nascuntur.
1310 1767 1356 1806 In
1392 1769 1558 1820 regione
1597 1771 1718 1810 trans-

176 1837 413 1887 ba'skalcnfn
452 1840 520 1878 ubi
556 1837 750 1878 constanti
788 1838 825 1878 &
861 1840 991 1879 media
1027 1839 1297 1892 magnitudine
1322 1850 1461 1878 omnes
1499 1836 1578 1879 effe
1616 1841 1715 1890 dixi,

176 1909 267 1949 Lilii
305 1912 513 1961 pomponii
551 1911 718 1950 maxime
755 1910 885 1950 bulbis
923 1911 1088 1959 vivunt,
1135 1910 1278 1960 quibus
1321 1910 1376 1949 ibi
1420 1911 1544 1962 vulgo
1591 1912 1716 1952 inclu-

176 1980 238 2021 sos
276 1981 440 2021 alebam.
514 1981 696 2020 Robiniae
733 1993 928 2032 caragance
967 1981 1083 2021 etiam
1113 1981 1282 2032 virgulta
1318 1979 1567 2032 campestria,
1613 1983 1715 2024 inter

178 2063 263 2102 quse
300 2053 339 2091 in
378 2051 546 2092 arenosis
584 2052 770 2092 lubenter
806 2051 1030 2102 versantur,
1069 2050 1226 2092 rodunt.

315 2202 494 2244 Invicem
532 2214 614 2243 non
659 2201 784 2244 solum
832 2202 924 2243 feris
971 2201 1187 2245 minoribus
1231 2201 1300 2244 sed
1346 2203 1572 2246 hominibus
1617 2191 1715 2258 qu'o-

179 2284 257 2324 que
304 2275 428 2313 elcan]
472 2274 661 2326 praebent.
742 2274 846 2316 Non
891 2273 1016 2315 solum
1064 2275 1171 2315 enini
1214 2275 1261 2316 ab
1309 2275 1527 2325 Arabibus,
1572 2277 1713 2327 quibus
