2032 2630
749 217 853 256 mvs
899 211 1147 257 TYPHL'VS.
1637 233 1706 273 155

168 318 374 370 Frequens
425 324 564 358 contra
616 319 656 357 in
710 319 821 359 terris
874 317 923 358 ad
966 319 1222 360 occidentem
1274 320 1358 372 ejus
1404 319 1517 362 fluvii
1561 323 1639 364 fitis
1682 338 1706 364 a

167 389 338 441 Sysrano
376 388 499 440 usque
544 388 594 428 ad
631 388 760 440 Sarpae
795 389 1092 440 confluentem,
1138 391 1345 443 quousque
1389 404 1536 445 nempe
1573 395 1705 436 solum

165 460 374 501 humosum
419 469 461 500 et
505 460 746 512 caespitosum
790 461 967 508 invenit3
1006 474 1026 501 a
1071 461 1210 502 limoso
1257 463 1362 502 enirn
1407 463 1584 517 salsoque
1630 479 1703 518 pet

160 531 356 572 desertum
376 531 546 582 caspium
564 541 754 584 regnante
772 531 880 572 adeo.
896 532 1107 572 evidenter
1129 533 1278 574 alienus
1317 533 1395 583 est,
1433 544 1477 575 ut
1503 538 1642 577 nullibi
1659 539 1703 578 in

162 603 265 643 hanc
290 604 492 654 planitiem
520 602 754 651 descendat,
792 603 888 642 licet
909 604 948 642 in
973 602 1057 655 ipso
1084 605 1257 654 margine
1285 606 1445 644 collium
1476 607 1523 647 ad
1540 607 1704 659 Sarpam

161 687 234 727 per
262 675 468 715 convalles
496 673 686 724 frequens
714 674 836 712 vivat.
910 673 1139 714 Secundum
1159 673 1311 714 Tanain
1334 688 1515 727 omnem,
1544 689 1701 731 praeter-

160 759 276 797 quam
305 747 344 784 in
364 744 556 792 arenosis,
595 745 762 794 habitat,
779 743 817 783 &
841 757 933 784 cum
959 743 1122 794 Ciuilis,
1144 746 1341 798 magisque
1374 748 1567 788 localibus
1588 749 1703 790 Mar-

158 818 275 857 motis
302 829 426 867 usque
448 815 580 855 versus
602 815 736 856 fontes
756 814 840 866 ejus
868 815 906 854 ὃς
933 815 1049 855 Raesk
1076 816 1269 869 oppidum
1298 817 1427 869 paffim
1454 819 1700 861 observatum

157 887 288 928 Datur
325 888 442 926 etiam
479 898 551 938 per
588 898 749 926 onmem
777 887 967 938 reliquam
989 887 1158 928 Ruffiam
1179 887 1381 928 australem
1392 918 1406 942 ‚
1444 889 1482 929 &
1509 890 1698 932 herbidos

158 959 252 999 huic
298 958 440 998 ssmiles
477 970 638 1008 campos
693 956 862 997 confinis
912 957 1101 997 Poloniae.
1209 958 1335 1011 Inque
1396 960 1464 1001 has
1510 963 1698 1014 regiones

156 1032 291 1082 planas
330 1028 486 1082 (prima
530 1028 667 1068 mundi
710 1037 823 1068 aetate
868 1028 938 1067 sub
974 1041 1134 1079 aequore
1172 1028 1411 1083 torpentes>
1450 1044 1471 1070 a
1513 1034 1698 1085 primaeva

154 1102 278 1154 patria
315 1099 554 1149 Carpathico
599 1098 694 1152 Jugo
733 1097 976 1139 descendisse
1024 1101 1204 1150 videtur,
1243 1101 1281 1140 &
1328 1103 1485 1143 altiores
1531 1105 1696 1145 collium

154 1181 274 1223 atque
313 1180 498 1210 terrarum
534 1169 678 1209 traetus
713 1169 892 1219 secutus,
937 1169 1072 1211 fontes
1109 1170 1272 1222 quidem
1301 1172 1447 1212 Tanais
1473 1173 1693 1226 superavit,

154 1245 257 1283 inter
295 1254 385 1282 eum
423 1250 541 1292 atque
580 1240 753 1293 Volgam
791 1242 831 1281 in
868 1240 1030 1281 australe
1075 1243 1326 1283 intervallum
1370 1243 1509 1283 senfim
1550 1258 1693 1297 propa-

155 1325 287 1368 gatus,
325 1312 392 1352 sed
430 1312 553 1363 ipsum
592 1311 734 1363 Volgae
772 1313 931 1352 alveum
968 1314 1081 1353 nimis
1118 1314 1270 1353 borcali
1307 1315 1454 1355 ambitu
1491 1316 1694 1368 prodeun-

153 1395 233 1426 tem
280 1384 459 1433 superare
505 1395 586 1422 non
625 1385 778 1434 potuit,
826 1395 948 1434 quum
987 1396 1006 1422 a
1050 1383 1314 1435 frigidioribus
1360 1387 1588 1437 regionibus
1626 1390 1692 1427 ab·

152 1457 334 1503 horreat,
372 1453 534 1494 flumina
571 1463 724 1502 autem,
761 1464 927 1506 propter
963 1454 1257 1495 subterraneum
1286 1457 1376 1495 vitae
1394 1469 1540 1508 genus,
1568 1467 1692 1499 trans.

149 1527 259 1581 gredi
296 1526 520 1566 nullatenus
566 1534 699 1576 queat.
787 1524 873 1564 Pari
917 1526 1051 1576 itaque
1089 1527 1241 1567 ratione
1280 1528 1327 1566 ab
1367 1529 1580 1569 occidente
1618 1529 1692 1569 Vi-

147 1598 276 1647 stulae,
314 1598 361 1636 ab
398 1595 526 1636 austro
565 1595 743 1634 Danubii
781 1597 899 1635 alveo
945 1596 1148 1646 exclusus,
1191 1598 1231 1636 in
1275 1597 1447 1649 Europae
1501 1600 1690 1640 occiden-

149 1671 285 1710 taliora
320 1679 441 1719 regna
477 1668 690 1716 pervenire
736 1679 819 1706 non
862 1668 1007 1717 potuit.
1099 1667 1249 1719 Estque
1295 1669 1397 1709 adeo
1444 1670 1582 1723 insigni
1627 1671 1691 1712 fir-

147 1750 349 1781 mamento
388 1737 602 1789 hypothesi
640 1749 726 1788 quae
760 1736 852 1789 juga
887 1738 1082 1778 montium
1119 1740 1298 1789 primaria
1323 1741 1369 1778 ab
1401 1741 1511 1781 initio
1550 1744 1687 1783 mundi

147 1812 320 1851 habitata
376 1808 586 1858 supponit3
643 1808 980 1859 quemadmodum
1036 1810 1152 1849 etiam
1191 1809 1261 1863 (ut
1296 1812 1368 1850 alia
1405 1813 1526 1851 multa
1578 1826 1685 1854 nunc

145 1877 370 1931 transeam>
425 1877 594 1929 Leporis
659 1878 788 1928 pusilli
840 1879 942 1918 circa
987 1879 1177 1918 uralcnsia
1238 1883 1530 1930 promontoria,
1580 1883 1684 1935 Lep.

149 1953 269 2003 alpini
307 1950 345 1989 &
382 1948 512 1988 Muris
549 1949 748 2000 Aspalacis
787 1947 933 2001 (quem
972 1947 1096 1988 statim
1136 1948 1385 2002 videbimus)
1432 1938 1533 1991 circa
1579 1967 1686 2008 mag-

147 2036 241 2065 num
287 2021 431 2060 Sibiriae
479 2019 614 2072 Jugum
662 2018 827 2070 alpcstre
875 2020 1074 2069 localitas,
1119 2022 1189 2060 vix
1234 2023 1392 2061 aliunde
1439 2025 1684 2074 explicabilis

143 2095 315 2136 viderur.
425 2088 550 2128 Immo
596 2089 702 2130 haud
747 2089 849 2139 scio,
902 2102 1036 2129 annon
1081 2090 1280 2144 singularis
1326 2093 1527 2133 diversitas
1580 2097 1684 2138 inter

145 2166 302 2206 Citillos
338 2161 423 2201 solo
462 2160 605 2212 Volgae
642 2162 759 2200 alveo
805 2160 1111 2211 disterminatos,
1157 2162 1267 2213 cujus
1305 2176 1327 2203 e
1372 2162 1457 2203 solo
1502 2168 1571 2205 vel
1612 2169 1680 2207 cli-

143 2246 248 2278 mate
303 2233 495 2272 rationem
543 2232 690 2272 nullam
736 2231 848 2271 reddi
893 2230 1005 2283 posse
1052 2232 1164 2284 supra
1208 2234 1402 2283 indicavi,
1445 2235 1619 2278 similiter
1655 2251 1680 2279 e

143 2306 382 2350 diversarum
417 2302 613 2356 stirpium,
651 2303 864 2354 antiquitus
901 2302 970 2343 sub
1009 2290 1257 2344 diverfiffim'o
1296 2306 1398 2346 coelo
1440 2309 1572 2350 multis
1615 2309 1679 2350 sae-
