1948 2630
177 199 244 240 ,33
734 186 840 232 atvs
890 185 1140 220 ch1LLvsz

170 296 450 336 s‘rELLERo,
481 295 528 328 ut
562 282 752 334 diximus,
790 284 1026 324 observante
1066 284 1106 323 in
1142 281 1272 323 insulis
1315 283 1448 323 versus
1486 284 1720 325 Americam'
1771 324 1773 334 ,

173 363 251 403 sitis
289 366 524 406 occurrunt,
560 357 728 396 habetur
763 357 803 394 in
839 354 963 394 Maris
1002 353 1131 406 Caspii
1169 353 1291 394 insula
1333 350 1525 405 arenosa',
1576 356 1712 396 medio

172 432 294 473 littori
334 431 436 469 inter
467 427 612 479 Volgae
647 427 905 478 Rhymnique
943 424 1036 465 ostia
1074 423 1257 477 opposita
1288 423 1325 463 &
1359 437 1379 463 a
1415 425 1537 466 trafiu
1571 426 1713 466 deserti

170 501 337 543 arenoso
371 498 477 551 quast
517 498 670 547 avulsa,
717 509 832 549 quam
867 496 1070 537 Calmucci
1109 508 1130 534 a
1169 496 1263 534 mira
1302 497 1418 546 copia
1457 499 1713 548 parvulorum

173 573 396 613 Citillorum
419 571 474 609 ibi
499 569 736 609 obversante
758 558 977 611 Smmllfl?
999 566 1249 620 (Citillorum
1267 563 1427 618 locum)
1450 552 1710 619 appellarunt.

310 650 552 691 Videbimus
592 650 632 688 in
676 647 940 700 descriptione
979 645 1125 695 cirilli,
1172 645 1252 684 hoc
1285 645 1463 693 Animal,
1499 645 1712 687 Marmotis

172 725 263 765 alias
293 722 550 770 simillimum,
585 720 722 759 buccis
757 718 914 757 saccatis
944 715 1110 770 (minori
1143 717 1239 754 licet
1270 714 1416 768 gradu)
1455 716 1503 756 ad
1532 716 1714 758 Cricetos

172 794 379 835 accedere.
453 789 553 830 Haec
581 790 742 842 quidem
780 787 966 828 struem-a
989 789 1026 828 in
1064 787 1300 826 animalculo
1328 796 1410 825 tota
1451 787 1599 838 hyeme
1634 798 1714 827 tor-

171 865 293 919 pido,
331 864 475 914 cuique
509 871 752 901 commeatus
795 858 1041 911 congerendi
1080 858 1189 897 nulla
1231 857 1464 907 necessitas,
1515 849 1713 909 superflua

171 935 301 977 videri
336 930 508 985 posset„
552 931 741 970 Attamen
779 929 827 968 ad
858 941 983 968 verna
1016 928 1054 967 &
1080 929 1318 967 autumnalia
1349 928 1494 980 frigora
1531 929 1714 979 subinde,

171 989 390 1058 postquam·
412 1003 528 1042 antris
559 1001 636 1052 jam
672 1001 857 1051 prodiere
884 998 1028 1048 cirilli,
1065 997 1302 1047 incidentia,
1341 999 1449 1038 usum
1477 1000 1516 1038 in
1547 1000 1591 1040 iis
1618 998 1714 1050 esse,

173 1077 210 1117 &
239 1075 438 1127 praescium
473 1070 714 1123 tempestatis
745 1071 886 1110 animal
922 1079 1017 1110 tunc
1048 1070 1089 1108 in
1124 1069 1261 1108 buccis
1299 1069 1526 1109 alimentum
1560 1069 1609 1108 ad
1647 1082 1713 1109 an-

173 1158 275 1188 trum
307 1143 557 1197 congestare,
594 1153 639 1182 ut
669 1141 750 1181 fine
790 1141 901 1181 samis
940 1140 1122 1192 periculo
1161 1140 1324 1179 durante
1366 1140 1511 1192 frigore
1556 1140 1712 1181 delites-

174 1231 266 1259 cere
295 1225 434 1268 queat,
471 1215 669 1266 praecipue
709 1214 747 1251 in
774 1211 931 1261 Sibiria‚
969 1211 1145 1250 omnium
1174 1221 1272 1250 vero
1303 1211 1470 1251 maxime
1501 1212 1549 1251 ad
1574 1211 1713 1251 Selen-

174 1301 284 1342 gam,
321 1289 441 1337 inque
473 1285 651 1324 Dauuria
684 1283 878 1336 perspexi.
966 1281 1026 1321 Ibi
1061 1280 1214 1329 cirilli,
1260 1280 1341 1320 sme
1383 1281 1506 1321 dubio
1548 1291 1713 1334 propter

175 1351 432 1411 congestandi
469 1357 645 1395 habitum
679 1366 699 1392 a
729 1353 952 1394 necestitate
992 1340 1078 1405 <ob
1109 1353 1212 1390 veris
1238 1349 1540 1403 intemperiem>
1569 1354 1712 1393 crebri-

176 1442 245 1470 ore
282 1440 437 1481 natum‚
482 1426 686 1466 folliculos
720 1426 906 1463 buccales
940 1422 1055 1462 solito
1103 1420 1211 1474 (prae
1257 1422 1416 1471 reliquis
1450 1420 1710 1475 regionibus>

174 1501 301 1541 multo
337 1500 546 1550 ampliores
583 1496 619 1535 &
645 1495 763 1535 facile
797 1495 988 1545 pollicem
1023 1494 1092 1532 vel
1134 1491 1270 1531 saltem
1316 1492 1481 1544 digitum
1523 1493 1714 1544 majorem

177 1572 451 1617 admittentes,
489 1567 537 1607 ad
576 1566 749 1606 medium
788 1564 911 1615 usque
953 1565 1100 1603 collum
1137 1562 1320 1603 extensos
1352 1562 1525 1618 habent,
1570 1566 1638 1615 qui
1672 1566 1714 1605 in

174 1642 336 1681 Rufficis
373 1639 574 1692 (calidiori
611 1639 649 1675 in
689 1637 853 1688 regione
888 1647 1007 1686 parco
1038 1633 1107 1673 usu
1142 1630 1380 1685 oblitterati)
1405 1635 1474 1674 vix
1501 1634 1630 1674 fabam
1648 1647 1714 1674 ca-

174 1714 302 1766 piunt.
376 1710 473 1749 Vidi
509 1708 599 1748 istos
638 1704 837 1760 (Ari-ili),
873 1705 1144 1755 ingruentibus
1179 1702 1325 1755 frigidis
1361 1704 1523 1754 diebus,
1559 1704 1715 1747 effoss'as

174 1784 365 1823 radiculas
404 1781 439 1819 ἃ
475 1781 647 1832 germina
681 1778 867 1816 Timaei
894 1778 1132 1826 aliarumque
1160 1776 1378 1825 plantarum
1408 1777 1444 1814 in
1473 1776 1588 1816 nidos
1617 1789 1712 1816 con-

178 1851 360 1906 gestazi'e,
399 1855 436 1890 ἃ
466 1861 560 1890 tune
597 1850 665 1889 vix
692 1850 816 1888 ullum
852 1848 1010 1896 vacuis,
1046 1849 1260 1898 plerosque
1301 1845 1547 1886 refertissimis
1581 1847 1713 1888 saccu-

177 1926 224 1965 lis
263 1924 451 1974 cepimus.

316 2005 509 2058 Quamvis
535 2003 664 2053 primo
697 2013 795 2041 vere
833 2001 900 2040 vix
939 1999 1133 2050 pullulare
1165 1994 1303 2049 incifflt
1331 1998 1474 2047 herba,
1511 2006 1640 2039 tamen
1661 2000 1717 2039 ci-

178 2087 220 2117 to
253 2078 463 2117 admodum
495 2072 771 2126 pinguescunt.
853 2070 897 2109 In
931 2071 1160 2110 ventriculis
1197 2081 1325 2109 verno
1373 2078 1553 2121 tempore
1601 2069 1734 2109 disse-⁴

180 2148 329 2187 &tirum
370 2147 497 2186 adhuc
536 2157 618 2183 non
661 2144 767 2183 bene
812 2141 985 2182 distentis
1035 2141 1271 2192 plerumque
1316 2141 1370 2179 nil
1419 2139 1488 2179 nisi
1532 2152 1714 2191 gramen,

180 2219 353 2271 germina
385 2219 490 2255 varia
524 2215 560 2253 ἃ
595 2214 781 2254 fruticum
814 2214 982 2252 cortices
1013 2213 1363 2250 commanducatos
1404 2211 1571 2256 inveni;
1618 2223 1715 2252 con-

175 2297 364 2338 tentaque
400 2286 612 2326 ventriculi
644 2285 870 2327 naturaliter
903 2285 944 2323 in
977 2282 1057 2323 hoc
1088 2283 1324 2324 animalculo
1352 2294 1435 2322 non
1464 2282 1596 2344 foluug
1618 2294 1713 2332 nau-⁴
