2032 2630
732 212 735 214 -
775 186 875 222 MVS
929 187 1268 225 OECONOMVS.
1694 197 1763 236 232

220 284 527 339 copiosiffima,
565 296 656 326 cum
714 283 919 337 superstite
977 286 1078 338 saepe
1132 287 1268 339 aliquo
1329 288 1508 328 radicum
1555 294 1764 340 appetam,

222 359 386 407 inveni,
446 357 542 397 licet
595 356 636 396 in
688 364 774 396 tota
813 357 879 396 illa
922 358 1087 410 regione
1129 369 1181 397 ne
1220 358 1382 409 quidem
1431 360 1571 401 unicus
1623 360 1766 401 horum

225 427 406 468 Murium
453 427 627 480 indagari
682 429 871 478 potuerit.
982 426 1156 467 Forsitan
1205 431 1243 467 in
1303 429 1581 470 Kamtschatka
1633 431 1765 472 sensus

225 499 364 550 aliquis
398 499 496 551 ignis
538 498 854 539 subterraneiin
900 499 965 538 illa
1010 499 1217 549 peninsula
1257 498 1447 549 furentis,
1499 502 1568 541 vel
1617 502 1764 543 futura-

217 580 310 610 sum
373 581 484 610 mens
534 567 689 621 praescia
744 567 1043 620 tempestatum,
1108 568 1250 610 Mures
1301 581 1324 609 e
1371 570 1446 611 suis
1504 570 1662 614 sedibus
1713 574 1762 615 ad

215 648 382 691 'tempus
428 640 551 692 fugat.
583 662 634 670 —
705 639 839 692 Quum
886 639 1033 680 abitum
1071 651 1094 679 e
1131 639 1411 680 Kamtschatka
1454 652 1614 693 parant,
1663 655 1761 684 vere

216 710 349 763 paffim
387 722 548 761 omneS‚
584 718 723 762 praeter
758 709 927 761 sparsos,
966 712 1035 761 qui
1086 711 1188 750 circa
1231 723 1355 763 pagos
1391 711 1508 752 facile
1551 714 1766 754 inveniunt

214 782 527 830 nutrimentum,
574 781 749 822 maximis
793 790 1087 833 congregantur
1130 783 1288 834 turmis,
1332 781 1518 835 rec‘taque
1563 785 1612 824 ad
1657 786 1762 826 occi-

213 851 384 892 dentem
430 850 655 903 hybernum
700 852 873 900 abeunt,
932 853 1097 892 interriti
1141 861 1338 893 tranantes
1394 852 1581 903 flumina,
1631 856 1760 905 lacus,

219 922 406 974 sinusque
435 924 550 963 maris
582 921 788 973 objectos,
816 923 972 974 plurimi
996 923 1091 963 licet
1116 932 1303 975 pereant,
1337 932 1404 963 aut
1438 924 1670 977 fatigatione
1697 927 1760 966 se-

216 994 423 1035 mianimes
447 994 487 1033 in
515 992 676 1034 adversa
698 993 802 1044 ripa,
833 1002 1079 1035 mortuorum
1110 992 1246 1044 instar,
1270 994 1509 1046 aliquamdiu
1545 997 1763 1048 recubent,

209 1064 352 1106 :donec
397 1064 540 1104 ficcato
590 1065 742 1104 vellere
787 1064 1045 1116 resumtisque
1099 1066 1247 1105 viribus
1283 1066 1356 1106 iter
1386 1068 1619 1108 continuare
1652 1070 1758 1119 potis

217 1135 304 1176 fint.
394 1134 554 1175 Multos
600 1136 641 1176 in
688 1134 850 1186 trajectu
899 1147 1084 1187 aquarum
1132 1135 1290 1190 Mergi,
1339 1138 1486 1178 multos
1525 1137 1757 1181 Salmonum

219 1205 389 1257 majores
450 1206 604 1257 species
671 1205 920 1247 voraciffimae
966 1208 1145 1259 rapiunt,
1208 1208 1491 1259 neminemque
1544 1211 1758 1251 inveniunt

216 1278 519 1318 clementiorem
551 1278 706 1317 'illarum
745 1285 932 1317 terrarum
979 1263 1119 1318 incolis
1156 1278 1486 1329 Kamtschadalis,
1522 1282 1590 1332 qui
1622 1280 1758 1331 jacen-

215 1357 276 1388 tes
318 1349 387 1388 ubi
423 1347 586 1396 vident,
624 1356 810 1398 tanquam
849 1349 1020 1389 colonos
1057 1348 1146 1390 suos
1183 1349 1220 1389 &
1273 1350 1545 1400 rhizotomos‚
1593 1364 1754 1392 omnem

216 1420 264 1458 ab
309 1420 354 1458 iis
393 1430 538 1458 noxam
582 1429 762 1458 avertere
812 1417 849 1458 &
897 1417 1122 1459 refocillare
1168 1421 1257 1459 illos
1313 1419 1484 1460 student.
1528 1447 1579 1452 —
1674 1423 1755 1463 Vbi

214 1489 455 1531 Penshinam
503 1488 671 1528 fluvium
721 1488 974 1539 superarunt,
1023 1489 1148 1530 finum
1200 1489 1326 1531 Maris
1379 1491 1652 1543 circumgreffa
1692 1507 1755 1546 ag-

211 1562 317 1602 mina
353 1560 402 1599 ad
445 1559 650 1600 meridiem
695 1558 832 1599 senfim
885 1558 1078 1610 tendunt,
1125 1560 1291 1613 ejusque
1336 1563 1448 1610 anni,
1502 1576 1582 1615 quo
1636 1565 1752 1603 Kam-

213 1631 394 1673 tschatka.
431 1642 529 1671 vere
569 1628 842 1680 excess‘erunt,
882 1631 1018 1672 medio
1057 1632 1212 1672 circiter
1256 1631 1357 1674 Iulio
1402 1635 1505 1673 circa
1545 1634 1752 1675 Iudomam

215 1703 253 1743 &
287 1701 488 1742 Ochotam
515 1700 683 1742 fluvium
721 1701 951 1742 adventant.
1041 1700 1253 1744 observati
1290 1704 1404 1744 fuere
1451 1717 1590 1758 greges
1631 1708 1749 1755 tanti,

213 1773 505 1825 ut‘migrantes
544 1773 612 1812 vix
645 1772 802 1811 bihorio
845 1772 1053 1812 transeant.
1140 1774 1376 1816 Redeuntes
1426 1775 1747 1817 Kamtschatkam

214 1842 382 1885 onobri
422 1842 611 1892 salutant,
658 1842 888 1894 reditusque
945 1843 1087 1882 incolis
1134 1856 1276 1897 magna
1319 1846 1542 1887 celebratur
1593 1848 1748 1896 laetitia3

211 1923 353 1970 praeter
393 1914 651 1955 venationem
693 1914 800 1953 enim
851 1912 1021 1954 ferarum
1063 1914 1405 1968 subsequentium,
1455 1929 1601 1959 annum
1645 1931 1747 1969 quo-

211 1999 292 2040 que
346 1981 642 2037 tempestatibus
687 1983 726 2025 &
776 1984 968 2036 piscatura
1010 1983 1172 2025 felicem
1212 1987 1454 2040 portendere
1505 1988 1745 2044 creduntur,

210 2066 431 2109 contraque
477 2055 660 2096 omnibus
700 2054 841 2096 infelix
890 2055 1074 2096 censetur
1119 2052 1266 2107 abitus,
1321 2070 1443 2109 quem
1492 2061 1630 2111 crebra
1676 2072 1743 2100 cx-

210 2128 406 2182 perientia
453 2125 592 2166 docuit
639 2126 812 2178 pluviofi
854 2127 893 2167 δε
940 2129 1152 2179 procellosi
1204 2130 1296 2169 anni
1335 2127 1415 2169 esse
1456 2132 1742 2186 praenuntium‚

207 2209 466 2252 praeterquam
509 2198 620 2249 quod
662 2196 878 2239 neceffario
924 2200 1181 2240 venatoribus
1226 2199 1392 2240 ferarum
1439 2201 1550 2242 simul
1595 2202 1744 2241 valedi-

208 2272 382 2313 centium
419 2270 623 2322 penuriam
659 2269 874 2323 portendit.
910 2297 960 2302 -
1034 2269 1068 2309 Ε
1113 2284 1194 2323 quo
1233 2271 1328 2311 item
1372 2272 1612 2326 migrationis
1658 2275 1742 2313 elu-

885 2340 926 2379 G
962 2353 986 2394 g
1023 2353 1044 2379 2
