2032 2630
810 191 914 252 irvs
980 203 1208 276 rArchVS.
1328 209 1334 219 ‘
1496 258 1507 262 ,i
1691 205 1768 262 -287

230 318 352 368 amat,
388 326 471 358 non
513 325 623 368 aeque
656 314 780 365 vivit,
817 315 912 356 licet
945 315 984 355 in
1018 313 1405 357 transbai‘kalenfium
1441 316 1649 370 regionum
1683 326 1765 357 are·

229 386 354 438 nolis,
389 386 458 428 sed
489 385 599 427 simul
626 385 779 435 saxosis,
809 384 1064 436 firmioribus,
1099 386 1316 438 frigidulis,
1350 385 1599 438 frequentius
1633 398 1761 439 paene,

229 470 345 511 quam
385 457 532 510 uspiam
581 457 670 497 alibi
719 466 909 497 occurrat.
1015 455 1166 498 Mirum
1211 457 1324 508 satis,
1368 457 1479 509 quod
1529 457 1761 509 cuniculos,

229 528 331 569 adeo
369 529 498 583 longis
536 527 769 580 impeditum
814 527 1010 577 cruribus,
1056 529 1109 567 ita
1151 536 1335 580 prompto
1374 527 1412 567 &
1467 530 1535 570 vix
1594 541 1763 583 corpore

227 601 436 652 ampliores
472 599 599 640 fodiat
635 592 788 639 aiiii-nal.
836 598 914 638 Sed
952 596 1057 638 fodit
1093 599 1302 650 praesertim
1346 599 1386 638 in
1429 600 1601 640 molliori
1652 600 1764 656 solo,

227 673 355 723 capite
402 671 603 711 terebrans
656 670 694 709 &
739 669 974 710 succuffibus
1021 670 1185 710 elevans
1231 681 1410 718 arenam,
1457 670 1496 710 in
1543 671 1763 712 durioribus

225 738 403 783 dentium
437 742 676 781 exsertorum
714 753 793 792 ope
840 741 1114 780 comminuens
1151 739 1189 780 δε
1234 739 1400 781 solutam
1443 749 1584 782 terram
1628 742 1766 793 palmis

221 818 456 861 removens,
488 812 630 862 plantis
667 811 874 851 retrorsum
918 810 1151 861 projiciens,
1198 812 1304 851 unde
1354 811 1403 851 ad
1455 811 1596 852 ostium
1653 813 1763 852 cuni·-

224 878 303 923 c'uli
356 882 511 933 semper
563 883 687 935 longo
739 881 862 922 tractu
919 880 1051 933 egesta
1095 891 1196 922 terra
1240 891 1422 934 apparet,
1467 883 1674 934 praesertim
1718 885 1762 922 iis

222 955 345 1004 locis,
380 954 449 993 ubi
485 964 625 993 recens
671 952 913 992 domicilium
957 952 1140 992 fodiebat
1184 954 1336 993 animal.
1386 947 1596 997 Cuniculi
1641 955 1762 1005 pluri-

223 1037 291 1065 um
327 1024 426 1076 saepe
474 1026 653 1064 ulnarum
698 1023 970 1076 longitudine,
1016 1023 1254 1075 peroblique
1302 1023 1340 1062 δε
1378 1016 1560 1064 'flexuose
1598 1025 1638 1064 in
1684 1034 1760 1065 ter*

218 1108 300 1137 ram
337 1103 568 1146 penetrant,
605 1095 674 1134 vix
710 1094 759 1134 ad
794 1094 1053 1145 sesquiulnam
1090 1093 1190 1134 infra
1225 1094 1473 1146 superficiem
1501 1094 1764 1145 descendunt,

220 1161 326 1211 nido
364 1165 590 1206 desinentes
626 1166 788 1218 capaci,
825 1167 1009 1205 ramentis
1046 1165 1255 1206 herbarum
1301 1165 1524 1206 molliffimis
1570 1167 1758 1218 purisque

218 1236 358 1277 farcito.
431 1236 575 1276 Aditus
611 1237 847 1288 plerumque
892 1236 1079 1287 simplex,
1123 1238 1241 1276 rarius
1278 1249 1385 1277 ramo
1423 1237 1571 1276 laterali
1607 1238 1760 1286 bivius‚

218 1307 259 1355 &
294 1306 463 1348 interdiu
508 1306 648 1348 ostium
672 1312 785 1348 'curn
833 1306 964 1359 egesta
1009 1316 1110 1348 terra
1156 1317 1270 1348 extus
1319 1319 1536 1358 apparens,
1590 1308 1629 1348 in
1674 1308 1764 1360 ipso

203 1380 346 1418 rcanali
383 1390 500 1418 arena
536 1377 685 1430 ingesta
722 1378 926 1418 obturatus
963 1376 1042 1419 esse
1079 1378 1205 1426 solet;
1258 1377 1379 1430 idque
1427 1377 1639 1430 Mongolis
1676 1390 1759 1420 tan-

219 1461 338 1501 quam
375 1448 620 1490 certisfimum
657 1449 814 1489 latentis
853 1449 893 1488 in
930 1448 1026 1489 nido
1064 1450 1237 1489 animalis
1282 1447 1472 1489 indiciu'm
1509 1449 1677 1490 habetur
1722 1450 1762 1490 &

216 1532 282 1562 me
309 1532 512 1573 nunquam
545 1518 716 1567 fefellit3
754 1518 848 1559 dum
885 1527 1024 1560 contra
1060 1521 1184 1572 aperti
1221 1521 1395 1561 cuniculi
1431 1520 1586 1572 semper
1621 1520 1765 1561 deserti

219 1592 483 1645 reperiuntur.
555 1591 593 1630 A
629 1589 726 1630 nido
763 1592 999 1644 plerumque
1038 1592 1186 1640 exitum
1225 1592 1342 1630 alium
1387 1602 1576 1644 praeparat
1619 1593 1763 1633 animal

221 1664 261 1703 in
299 1662 449 1703 diversa
485 1663 734 1711 tendentem,
771 1663 840 1713 qui
877 1673 960 1702 non
997 1663 1038 1701 in
1073 1657 1323 1713 superficiem
1368 1661 1467 1701 ostio
1503 1670 1637 1713 patet,
1690 1661 1762 1704 sed

217 1735 368 1785 integra
403 1742 511 1773 terrae
547 1731 674 1773 crusta
710 1733 862 1773 clausus
898 1731 975 1781 est,
1014 1745 1131 1785 quam
1169 1734 1332 1782 animal,
1374 1732 1403 1772 fi
1437 1732 1598 1785 quando
1635 1734 1673 1772 a'
1698 1733 1759 1773 so-

219 1806 291 1844 lito
319 1804 426 1843 aditu
462 1802 698 1855 impeditur,
730 1802 814 1841 nisu
850 1800 969 1841 facile
1004 1804 1174 1857 impellit
1210 1803 1247 1842 &
1286 1803 1383 1843 saltu
1429 1802 1541 1843 saluti
1576 1804 1757 1844 consulit.

219 1873 314 1916 Hoc
353 1874 449 1914 dolo
484 1872 605 1913 Iaculi
638 1872 811 1925 persaepe
844 1873 1101 1925 quaerentium
1133 1873 1217 1913 fere
1256 1885 1278 1913 e
1306 1873 1484 1913 manibus
1523 1864 1756 1925 elabuntur,

219 1947 330 2001 quod
368 1944 474 1986 reete
511 1956 674 1984 DAMm
710 1943 857 1993 Arabs,
900 1942 1011 1994 cujus
1057 1944 1193 1985 locum
1239 1956 1261 1984 e
1305 1956 1575 1992 BocHARTo
1630 1939 1754 2003 (not-

207 2010 292 2078 f.)
331 2017 473 2067 retuli,
511 2014 748 2056 observavit.

254 2156 255 2159 Ἴ
354 2110 477 2150 Iaculi
523 2109 693 2150 interdiu
738 2109 812 2149 suis
858 2111 973 2150 antris
1013 2109 1167 2162 semper
1214 2111 1341 2150 latent
1382 2111 1625 2161 mirumque,
1676 2111 1755 2150 ani-

220 2184 298 2225 mal
337 2180 447 2234 quod
483 2192 504 2220 a
546 2181 628 2220 levi
662 2179 807 2233 frigore
844 2180 1031 2233 torpescit
1064 2180 1102 2220 &
1134 2182 1175 2220 in
1209 2180 1293 2221 finu
1331 2180 1635 2221 refocillandum
1676 2180 1754 2230 est,

221 2264 354 2295 tamen
392 2251 518 2293 diurni
554 2251 699 2306 ardoris
739 2253 946 2304 impatiens
984 2253 1106 2291 latere
1136 2253 1176 2292 in
1210 2253 1397 2292 cuniculo
1442 2251 1755 2301 somnolentum,

221 2326 260 2367 δι
295 2323 436 2366 ostium
471 2325 588 2364 etiam
629 2323 836 2372 obturare,
875 2333 920 2363 ut
958 2324 998 2362 in
1040 2331 1149 2363 terrae
1188 2323 1271 2364 sinu
1316 2322 1451 2376 gelido
1486 2323 1607 2364 cubili
1662 2336 1755 2385 gau-

915 2393 953 2433 O
987 2407 1011 2434 ο
1047 2407 1067 2432 2
