1948 2630
199 173 269 217 358
723 162 947 197 SCIVRVS
974 163 1196 198 VOLANS.

197 274 242 307 ut
284 265 392 304 omni
433 260 615 314 tempore
660 261 750 301 anni
803 259 987 301 exalbido
1024 287 1042 296 -
1083 259 1362 302 canescentem
1413 264 1594 304 colorem
1644 258 1731 303 vel-

195 337 286 377 leris
320 334 500 383 servent,
546 344 628 384 quo
673 332 811 372 cortici
856 330 1078 371 bemlamm
1116 332 1168 371 ita
1198 329 1301 371 fiunt
1336 332 1504 384 similes,
1546 345 1590 373 ut
1622 334 1731 373 scan-

196 406 339 446 dentes
381 405 474 453 viX‚
509 405 589 444 imo
631 402 703 443 sub
736 400 977 451 diluculum,
1021 415 1101 454 quo
1138 411 1321 453 tempore
1351 404 1556 455 pracsertim
1594 415 1731 446 excur-

192 476 465 527 mnt‚·plane
503 486 588 515 non
623 472 799 524 conspici
836 473 987 512 emin-us
1024 472 1185 524 poffint‚
1232 485 1365 524 eoque
1410 475 1457 514 ab
1493 476 1631 516 avibus
1673 488 1728 515 ra-

193 547 360 599 pacibus
398 544 600 587 noc'mrnis
644 544 860 585 securiores
895 541 995 582 sunt.

351 609 488 660 Pulli
531 614 741 656 nascuntur
797 613 867 653 sub
917 614 1070 654 initium
1117 614 1186 653 vel
1241 624 1350 655 certe
1400 625 1490 656 ante
1552 615 1728 656 medium

193 688 319 739 Maji,
373 686 412 727 &
453 688 690 738 plerumque
742 684 846 732 dim,
900 693 1001 733 tres,
1054 695 1196 724 rarove
1235 694 1405 737 quatuor
1448 698 1537 726 cum
1570 686 1730 739 singulis

191 758 379 800 matribus
419 758 679 809 reperiuntur.
791 753 974 795 Durante
1024 756 1166 795 itinere
1214 754 1392 796 Matrem
1436 769 1527 797 cum
1570 757 1726 797 duobus

191 830 311 882 pullis
363 828 494 868 adhuc
546 826 661 867 nudis
707 828 744 865 &
798 825 915 865 coecis
962 826 1062 872 d.{—{
1108 823 1211 876 Maji
1261 826 1419 882 adlatis,
1471 839 1543 878 per
1592 828 1725 880 plures

196 898 473 939 hebdomades
508 898 608 946 alui,
641 896 828 936 betulinis
861 895 1029 935 maxime
1063 894 1175 945 julis‚
1211 896 1250 935 &
1285 908 1437 947 mores,
1469 905 1659 949 quantum
1684 898 1725 937 in
1755 899 1758 903 '

192 967 357 1022 angusto
405 979 564 1008 carcere
606 966 692 1007 fieri
730 973 908 1017 poterat,
948 963 1160 1005 observavi
1194 963 1246 1018 Β).
1335 966 1410 1007 Per
1446 977 1570 1009 totam
1619 968 1726 1009 diem

191 1049 316 1081 mater
364 1037 472 1090 quast
512 1038 725 1078 incubabat
755 1036 894 1088 pullis,
937 1036 1105 1076 eosdem
1143 1037 1246 1078 velis
1276 1037 1375 1088 suis,
1425 1047 1611 1091 tanquam
1649 1037 1727 1080 sto-

192 1111 268 1152 reis
312 1109 554 1149 obvolvens.
569 1129 581 1133 ··
645 1107 874 1148 Occidente
927 1105 1087 1146 demum
1130 1106 1212 1147 sole
1256 1109 1414 1158 nidum,
1463 1110 1528 1149 cui
1571 1108 1621 1150 de
1662 1110 1726 1150 die

194 1179 301 1233 quasi
338 1178 467 1220 adfixa
503 1179 699 1228 haercbat,
746 1179 998 1229 relinquens,
1043 1177 1177 1218 musco
1214 1179 1297 1219 nidi
1332 1180 1596 1232 cooperiebat
1639 1180 1727 1231 pul-

192 1254 273 1293 los·
298 1250 509 1303 diligenter
545 1248 584 1289 δι
628 1250 818 1301 pabulum
864 1247 1067 1300 quaefitura
1110 1260 1183 1299 per
1220 1249 1454 1302 ergastulum
1491 1250 1725 1304 vagabatur,

192 1330 276 1362 tota
311 1320 432 1360 nocte
469 1310 660 1372 inquieta.
743 1318 873 1358 Etiam
919 1319 1129 1359 oculorum
1172 1319 1425 1370 constitutio,
1472 1333 1573 1373 quos
1609 1321 1724 1360 fimil-

191 1394 307 1432 limos
343 1391 494 1430 habent
529 1389 659 1441 Strygi
694 1390 895 1437 Aluconi‚
933 1388 1167 1441 noctivagos
1197 1388 1275 1430 esse
1304 1390 1490 1430 indicant.
1563 1384 1723 1443 Pulli,

193 1464 261 1515 qui
302 1461 381 1511 jam
423 1461 510 1500 satis
552 1461 681 1513 magni
720 1459 768 1499 ad
814 1472 877 1499 mc
921 1459 1040 1499 delati
1092 1459 1180 1499 sunt
1211 1451 1277 1512 s),
1340 1469 1384 1500 ut
1423 1460 1558 1501 saltem
1596 1461 1720 1502 biduo

190 1532 358 1584 majores
392 1529 645 1578 viderentur,
698 1531 806 1569 lente
840 1529 1089 1575 crescebant3
1132 1529 1169 1568 δι
1200 1529 1289 1582 post
1327 1530 1394 1570 sex
1434 1530 1593 1572 demum
1640 1531 1724 1571 dies

190 1603 335 1644 dentes
383 1602 573 1652 primores
618 1599 822 1647 exserere,
869 1601 1039 1650 pilisque
1082 1599 1213 1640 vestiri
1255 1610 1473 1654 coeperunt.
1556 1601 1721 1642 Mense.

189 1682 282 1715 runt
324 1681 457 1712 autem
500 1671 598 1711 coeci
630 1670 753 1721 usquc
798 1669 846 1708 ad
886 1671 1145 1710 tredecimum
1195 1671 1322 1720 diem,
1370 1680 1535 1724 tumque
1579 1674 1723 1723 apertis

195 1743 357 1796 quidem
404 1742 554 1789 oculis,
597 1741 662 1780 sed
706 1739 820 1793 (post
851 1739 1072 1791 frigidulam
1111 1749 1206 1780 tunc
1240 1740 1344 1782 forte
1389 1741 1575 1797 noctem)
1619 1755 1722 1783 mor-

192 1816 272 1864 tui,
328 1814 408 1852 imo
454 1825 475 1851 a
519 1822 665 1860 matre,
711 1823 797 1862 quae
839 1811 954 1850 brevi
1003 1809 1092 1861 post
1141 1813 1262 1862 obiit,
1301 1811 1378 1863 jam
1421 1812 1534 1853 arrofi
1575 1814 1722 1865 reperti

189 1887 298 1928 sunt:
345 1891 390 1922 ut
429 1894 523 1933 ergo
567 1882 667 1920 ultra
706 1890 886 1932 quartum
931 1880 1128 1921 decimum
1176 1882 1282 1922 diem
1325 1895 1456 1925 coecos
1496 1881 1576 1924 effe
1623 1896 1720 1924 con-

238 1996 271 2044 e)
298 1999 363 2032 Vid
391 1997 538 2028 Itinerar.
562 1996 630 2028 Vol·
653 1996 698 2027 II.
732 2007 762 2036 p.
788 2005 865 2036 44⁰⁴
978 1995 1032 2027 ffis
1060 1996 1167 2036 spuriis
1194 1996 1288 2037 usque
1313 1999 1350 2030 ad
1372 1998 1500 2038 inguina
1529 1999 1723 2039 aequidistan-

233 2050 268 2092 s)
315 2050 404 2080 Alter
436 2047 591 2078 masenius
620 2048 756 2086 pondere
795 2045 855 2076 suit
883 2041 928 2090 63,-
979 2051 1026 2077 tes
1040 2047 1069 2076 in
1088 2047 1216 2078 foemina
1231 2047 1482 2085 evidentiffimae‚
1513 2048 1721 2083 obsoletiores

187 2101 420 2133 drachmarum
456 2098 551 2127 alter-a
577 2097 700 2127 femella
724 2094 767 2138 5}
794 2095 927 2127 druchm.
977 2097 1009 2128 in
1031 2097 1115 2137 pullo
1141 2097 1285 2130 masculo.
1337 2098 1440 2135 Cutis,
1462 2104 1576 2138 praeter
1595 2101 1721 2139 nasum,

188 2150 336 2185 Vmbxlici
362 2149 490 2179 cicatrix
517 2157 617 2186 neque
640 2148 671 2179 in
701 2146 765 2184 his,
791 2156 848 2176 nec
861 2146 927 2178 aliis
979 2147 1075 2178 tarsos
1100 2147 1328 2188 palpebrarum,
1363 2148 1393 2182 ,δι
1418 2149 1553 2183 lunulam
1577 2149 1630 2182 sub
1661 2160 1720 2186 me.

187 2201 291 2238 postea
317 2199 425 2229 adlatis
453 2198 513 2229 ulla
542 2198 691 2236 apparuit.
761 2197 804 2227 At
834 2197 927 2237 papil-
978 2198 1079 2230 atibus
1101 2199 1249 2233 auditivis
1271 2199 1407 2242 fuscam,
1427 2204 1495 2231 tota
1511 2200 1589 2237 alba?

186 2252 227 2285 1ae
256 2259 455 2281 mammarum
488 2249 633 2289 utrinque
667 2252 800 2288 quatuor
829 2258 847 2278 a
879 2257 928 2278 co-
