1948 2630
211 218 276 254 ⁵26
770 209 875 246 MVS
926 207 1178 243 CITILLVS.

133 310 135 313 '
202 320 286 351 tera
321 309 454 362 capitis
496 305 704 362 pedesque
737 307 889 348 intense
916 305 1320 360 ferrugineo-lutea,
1356 305 1584 349 satur-atiore
1613 308 1744 362 &pae-

201 394 254 422 ne
286 379 371 421 rufa
405 381 519 420 litura
554 378 811 432 supraciliari,
837 378 1081 429 suboculari,
1120 377 1158 418 &
1182 380 1366 430 utrinque
1395 380 1443 420 ad
1467 380 1622 428 nasum3
1660 382 1743 421 col-

200 453 283 492 lum
311 451 444 492 subtus
471 450 690 500 lucescens,
729 451 768 491 &
812 448 956 502 corpus
1000 462 1171 502 pronum
1209 451 1430 501 pallidum5
1479 452 1603 492 cauda
1637 453 1766 493 villis⁴

199 523 368 575 pulchre
408 524 589 574 pinnata,
633 523 765 573 lutea,
812 523 900 574 pilis
945 523 1192 575 longioribus
1236 534 1337 563 cano
1382 520 1577 574 fuscoque
1613 524 1743 565 mixtis

199 593 404 634 fimbriata.
425 613 475 618 -
496 594 649 634 Similes
680 594 1008 643 Samariensibus,
1045 606 1180 645 neque
1217 595 1354 634 colore
1388 605 1465 633 nec
1493 595 1646 635 vellere
1675 593 1742 636 de-

199 666 390 715 teriores,
428 666 538 707 alunt
574 664 715 706 tractus
751 667 878 705 omnis
921 665 1088 705 Sainaroe
1125 665 1163 705 &
1195 666 1479 706 collateralium
1505 664 1743 715 fluviorum,

201 738 282 789 agri
319 738 422 777 circa
457 737 581 778 Ufam
617 737 666 777 ad
703 738 958 777 occidentem
1005 737 1205 778 Uralcnsis
1249 736 1362 789 jugi,
1410 738 1620 788 campique
1667 737 1744 777 Ise-

200 807 319 849 tensis
357 810 594 859 provinciae,
640 809 687 848 ab
725 810 808 862 ipso
855 809 1033 859 ejusdem
1073 808 1157 860 jugi
1202 808 1390 848 descensu
1437 809 1650 858 orientali,
1696 809 1745 850 ad

200 877 296 919 Irtin
333 878 471 930 usque,
510 881 548 919 &
583 893 670 931 pai-s
715 881 912 920 borealioi·
954 879 1233 920 Barabensium
1278 891 1530 931 camporum,
1575 881 1743 920 maxime

202 949 297 989 Obo
334 949 373 988 fl.
415 952 683 998 contermina;
720 951 791 990 nisi
828 952 939 1001 quod
976 951 1034 991 his
1073 952 1186 991 color
1223 953 1353 991 luteus
1398 952 1500 990 circa
1545 960 1665 1003 caput
1706 950 1744 990 δε

202 1020 242 1061 in
278 1021 449 1071 pedibus
488 1020 717 1062 obsoletior.
791 1021 844 1061 Et
880 1020 1011 1062 fateor
1047 1021 1177 1061 similis
1215 1020 1300 1062 fere
1339 1022 1481 1061 horum
1501 1021 1745 1073 Caniporum

200 1091 352 1143 ubique
387 1090 536 1147 facies,
581 1092 708 1133 solum
745 1094 932 1146 nigrum,
981 1092 1259 1144 caespitosurn,
1313 1092 1481 1142 siccius,
1535 1092 1744 1133 herbarum

200 1163 438 1215 plerumque
476 1164 654 1204 similium
691 1174 893 1215 proventu
931 1163 1238 1204 laetissirnum.——
1275 1163 1389 1203 Circa
1407 1162 1466 1202 Ui'
1501 1162 1665 1203 fluviuni
1695 1177 1746 1205 ex

202 1233 261 1274 his
299 1237 419 1285 paulo
465 1235 631 1286 majores
670 1246 966 1277 occurrunt.—
1019 1235 1064 1275 In
1112 1235 1267 1275 deserto
1316 1229 1533 1275 secundum
1582 1247 1744 1275 omnem

202 1303 296 1343 Irtin
333 1305 500 1346 fluvium
535 1308 674 1359 partim
713 1307 901 1356 arenoso,
939 1308 1078 1357 partim
1114 1306 1254 1346 limoso
1291 1306 1493 1357 squalido,
1531 1307 1651 1363 paulo
1676 1308 1745 1346 mi-

201 1387 322 1416 noi-es
359 1376 397 1416 &
435 1377 616 1418 obsolete
654 1387 827 1432 guttatos
866 1378 1096 1426 observavi,
1142 1379 1280 1417 colore
1326 1378 1428 1416 inter
1463 1376 1668 1417 Lenenses
1706 1377 1744 1417 &

202 1447 432 1498 perdicinos
469 1449 495 1488 s.
534 1450 746 1489 undulatos
784 1449 890 1500 quasi
927 1448 1083 1497 medio,
1121 1447 1225 1488 facie
1272 1459 1426 1496 tamen,
1472 1447 1742 1500 magnitudine

203 1517 242 1557 &
279 1519 402 1559 cauda
439 1519 498 1559 his
535 1519 761 1568 similiores,
813 1521 964 1572 quippe
1008 1519 1168 1570 pondus
1212 1519 1449 1571 plerumque
1498 1520 1604 1558 librae
1651 1532 1742 1559 cuin

204 1601 283 1630 una
320 1590 520 1641 alteraque
559 1592 697 1640 uncia,
736 1590 773 1630 &
811 1590 1100 1644 longitudinem
1141 1589 1183 1634 8¹<
1217 1590 1266 1629 ad
1297 1601 1344 1628 10
1367 1590 1561 1640 pollicum
1588 1603 1742 1642 aequan-

203 1670 285 1710 tes,
324 1660 448 1701 cauda
486 1660 677 1714 (dempto
706 1659 816 1713 pilo)
859 1662 916 1700 1“.
958 1656 1082 1709 10“'.,
1130 1662 1218 1712 pilis
1256 1658 1341 1700 fere
1379 1661 1634 1712 pollicaribus
1672 1663 1744 1702 cri-

202 1730 372 1771 stata.-
400 1730 445 1770 In
484 1734 631 1783 campis
670 1734 843 1784 denique
881 1733 1077 1772 montanis
1115 1733 1217 1771 circa
1254 1731 1444 1771 Ieniseain
1481 1731 1575 1786 (ubi
1611 1731 1743 1784 paffim

202 1803 244 1841 in
280 1801 420 1842 saxosis
458 1814 621 1854 quoque
659 1803 892 1854 frequentes
930 1800 1216 1855 delitescunt),
1262 1802 1299 1842 ὃς
1345 1804 1382 1842 in
1423 1802 1582 1843 arenosa
1619 1804 1744 1855 plani-

204 1874 258 1913 tie
296 1873 510 1924 insulisque
548 1874 638 1913 Kali
675 1875 826 1926 vulgari
864 1873 1044 1922 consitis,
1081 1873 1261 1925 Selengae
1297 1873 1434 1922 fluvii,
1479 1875 1656 1924 itemque
1703 1876 1745 1914 in

203 1945 400 1984 montanis
438 1946 540 1985 circa
576 1944 767 1997 Ingodam
784 1944 939 1985 Citillos
975 1946 1125 1996 ubique
1163 1944 1373 1985 observavi
1409 1941 1565 1985 cii-citei
1601 1944 1745 1997 sesqui-

205 2016 345 2064 libres,
383 2016 634 2068 longitudine
675 2011 762 2055 10“.
802 2015 1066 2065 excedentes,
1105 2017 1229 2056 cauda
1266 2014 1404 2069 (quod
1440 2014 1605 2068 mirum)
1643 2017 1742 2057 mul-

205 2096 248 2126 to
287 2087 491 2138 longiore,
529 2087 612 2126 sine
649 2088 732 2138 pilo
771 2093 819 2137 3}
836 2087 1005 2138 pollices
1043 2095 1246 2137 aequante,
1285 2088 1463 2139 villoque
1501 2088 1591 2139 plus
1624 2100 1740 2138 quam

206 2158 385 2208 pollicari
421 2168 616 2208 pennata,
654 2168 838 2199 caeterum
875 2156 1178 2198 Saniariensibus
1214 2159 1368 2198 vellere
1407 2158 1509 2199 dorsi
1537 2159 1742 2211 eleganter

207 2228 399 2270 undulato
437 2228 601 2278 similes,
637 2229 707 2270 sed
743 2230 880 2269 colore
917 2229 1066 2281 ubique
1105 2228 1332 2284 dilutiores‚
1378 2231 1480 2270 circa
1527 2238 1648 2282 caput
1692 2242 1742 2271 ex

209 2296 386 2348 albidos‚
423 2299 539 2340 luteis
576 2301 698 2342 lituris
743 2303 861 2356 plane
905 2301 1053 2353 nullis,
1098 2314 1267 2354 corpore
1311 2301 1447 2362 substus
1491 2302 1743 2356 pedibusque

1657 2369 1745 2414 fere
