2032 2630
310 198 341 235 >4
826 187 985 227 LEPVS
1037 185 1347 227 VAR1A131LIS!

312 277 437 321 -fuscis
469 265 699 321 inumbrata.
750 272 822 310 -“’
856 275 1061 327 Iuniores
1085 283 1212 346 primo
1238 277 1347 323 anno
1375 280 1761 338 semper'obscurius
1787 283 1859 327 fix}

317 349 562 401 scescentes‚
598 351 799 405 magisque
825 350 1058 405 lanuginofi.

423 478 688 521 Admirandus
719 491 819 521 vero
851 481 1020 522 maxime
1054 490 1096 522 et
1127 460 1336 533 specificus
1373 479 1431 523 est
1466 484 1508 523 in
1537 482 1639 535 Lep.
1673 482 1856 525 variabili

313 549 434 589 color
459 543 652 607 hyberni
673 543 880 606 velleris,
924 551 1036 603 quod
1062 562 1202 603 praeter
1232 553 1364 602 apices
1395 554 1545 594 aurium
1569 555 1681 608 nigro
1708 552 1852 594 mollis-

316 617 414 658 fimo
445 622 587 661 veluto
612 622 867 674 marginatos‚
905 630 947 662 et
975 624 1087 663 volas
1114 623 1265 680 pedum
1292 623 1556 674 lucescentes,
1594 634 1722 665 totum
1757 625 1851 664 nive

315 690 521 731 candidius
557 691 752 741 evadere,
789 700 931 733 notum
965 692 1033 732 est.
1105 693 1181 734 Per
1209 704 1372 734 omnem
1397 693 1699 735 Scandinaviam
1722 692 1760 746 ⁶)
1798 695 1853 734 ei-

317 759 492 812 demque
515 760 698 801 finitimas
724 762 975 814 Lapponiam
993 763 1025 802 F
1028 765 1347 814 ennoniamque,
1385 765 1531 806 dehinc
1557 766 1600 804 in
1629 766 1738 804 omni
1755 763 1853 807 Rus-1

315 829 368 870 fia
393 841 434 872 et
456 831 593 872 Sibiria
614 833 863 884 horealiore,
901 835 1048 884 hyeme
1081 834 1202 884 nulli,
1239 834 1309 873 nisi
1340 835 1517 886 candidi,
1554 834 1735 886 Lepores
1763 835 1850 874 vul-

247 910 258 922 ·
314 913 366 954 go
398 913 632 951 occurrunt,
669 916 769 951 quos
797 913 838 944 et
864 906 978 944 clima
1003 904 1179 957 gelidum
1205 911 1246 942 et
1269 904 1418 944 saliceti
1441 905 1620 954 humilis,
1657 917 1739 956 quo
1756 916 1852 956 prae-

314 970 446 1012 sertim
479 974 654 1023 aluntur,
701 975 742 1013 in
776 973 1040 1027 frigidioribus
1082 984 1124 1014 et
1164 973 1393 1026 alpestribus
1427 977 1551 1016 maior
1589 974 1854 1023 abundantia,:

315 1041 414 1081 intra
440 1044 561 1082 hosce
588 1045 731 1083 limites
762 1045 971 1093 praesertim
996 1045 1206 1082 continuit.
1279 1044 1498 1085 Abundant
1534 1047 1651 1085 etiam
1688 1046 1729 1084 in
1755 1044 1851 1084 Sco-

314 1112 376 1151 tiae
401 1114 597 1153 montanis
616 1105 659 1164 d>
698 1121 739 1152 et
765 1113 805 1152 in
828 1112 1001 1152 Livonia
1025 1110 1086 1164 ⁶),
1131 1112 1200 1152 ubi
1226 1111 1374 1163 hyeme
1406 1113 1518 1165 grisei
1542 1114 1725 1166 Lepores
1751 1125 1854 1153 non-

314 1182 386 1221 nisi
403 1184 520 1223 rarius
545 1192 750 1235 apparent,
777 1192 818 1223 et
843 1194 916 1233 pro
942 1181 1150 1234 transfugis
1177 1193 1199 1220 e
1221 1180 1395 1222 Curonia
1409 1181 1675 1223 Lithuaniave
1704 1183 1854 1223 haben-

314 1260 390 1294 tur.
463 1265 774 1294 RZACZINSKY
811 1262 950 1293 contra
973 1254 1091 1292 etiam
1117 1253 1159 1302 in
1173 1251 1384 1292 Lithuania
1410 1261 1451 1292 et
1466 1253 1621 1294 Polefia
1643 1253 1754 1294 albos
1772 1251 1854 1293 dari

311 1322 497 1375 Lepores
520 1322 723 1364 affeverat.
760 1350 811 1357 -
845 1323 1085 1380 Ruffialicet
1103 1332 1186 1363 tota
1202 1323 1318 1375 plana
1333 1322 1418 1363 fere
1438 1322 1504 1374 fit,
1540 1324 1739 1375 nullisque
1757 1322 1851 1363 inde

317 1406 340 1434 a
363 1393 606 1445 Lapponicis
632 1395 785 1445 alpibus
810 1394 859 1433 ad
885 1393 1121 1441 Caucasum,
1169 1403 1210 1432 et
1235 1405 1256 1432 a
1278 1391 1503 1442 Lithuaniae
1522 1393 1641 1444 sylvis
1678 1395 1728 1434 ad
1750 1393 1852 1433 Vra-

316 1465 425 1505 lense
453 1464 591 1518 jugum
627 1465 927 1505 notabilioribus
960 1464 1162 1504 montibus
1202 1464 1324 1512 elata,
1362 1472 1496 1503 tamen
1520 1464 1689 1504 eandem
1715 1463 1851 1516 Lepo-

316 1547 402 1576 rum
425 1534 599 1587 speciem
624 1535 771 1586 hyeme
800 1534 1029 1583 candidam,
1066 1535 1124 1574 uti
1142 1533 1280 1573 Sibiria
1301 1534 1464 1573 omnino
1492 1542 1595 1583 tota,
1632 1533 1756 1585 usque
1779 1533 1850 1574 sub

309 1605 497 1648 arcticam
521 1617 666 1646 zonam
700 1614 741 1645 et
774 1606 814 1645 in
837 1604 1178 1654 Kamtschatkam,
1220 1604 1300 1644 alit.
1372 1603 1564 1644 Attamen
1599 1605 1641 1644 in
1677 1603 1851 1644 deserto-

316 1688 404 1718 rum
440 1675 579 1715 Rusfiae
622 1674 840 1716 australium
883 1686 1040 1725 aequore
1061 1705 1074 1724 ,
1135 1674 1268 1714 versus
1318 1683 1370 1723 50
1402 1675 1499 1713 latit.
1540 1674 1626 1714 bor⁴
1667 1674 1860 1726 gradum,

317 1746 458 1787 sensnn
490 1746 653 1786 rariores
686 1744 808 1794 fiunt,
846 1746 1054 1797 multoque
1086 1744 1285 1796 copiofior
1307 1742 1487 1784 succedit
1512 1743 1666 1794 species
1701 1744 1850 1794 hyeme

317 1819 554 1870 plerumque
581 1817 778 1866 colorata,
817 1828 868 1856 ex
893 1823 1003 1866 parte
1031 1825 1186 1863 tamen,
1222 1813 1431 1865 praesertim
1459 1814 1666 1861 lateribus,
1703 1815 1756 1852 ita
1786 1813 1860 1860 fier

317 1872 464 1940 pissime
495 1886 717 1936 albescens,
754 1897 799 1926 ut
826 1887 873 1926 ab
900 1887 1092 1936 europaeis
1115 1884 1340 1937 Leporibus
1374 1882 1525 1924 diversa
1553 1883 1747 1924 videatur.
1800 1908 1850 1917 -

373 2024 403 2064 0)
431 2032 549 2057 mrsu.
587 2023 682 2054 Famz.
697 2022 802 2065 su.II.
828 2032 917 2063 n.25.
964 2031 1062 2053 now·
1158 2018 1193 2059 d)
1220 2028 1441 2052 pssquur.
1469 2019 1488 2051 1.
1506 2020 1559 2051 cit.
1594 2023 1626 2050 el:
1648 2018 1757 2060 Ejusd.
1782 2016 1852 2060 first

319 2083 498 2108 τοΡΡῙῡ.
535 2075 649 2106 naturl.
676 2073 782 2114 Hister.
811 2083 868 2104 von
889 2072 1061 2112 Normegen
1116 2070 1197 2101 Your
1217 2072 1248 2101 in
1265 2069 1427 2106 Scotland,
1456 2069 1501 2103 ed.
1512 2069 1577 2101 III.
1606 2079 1635 2110 p.
1645 2075 1702 2110 84.

319 2127 413 2158 Part.
425 2124 468 2155 II.
492 2133 572 2165 p.19.
624 2134 645 2154 L
657 2133 677 2153 E
689 2133 747 2154 ΕΜ
781 2121 897 2155 Ναεῖτν.
925 2132 981 2153 von
1005 2121 1060 2152 den
1165 2121 1195 2161 ι)
1227 2130 1278 2150 οι,
1290 2130 1345 2150 EA
1356 2129 1402 2150 ιιι
1413 2128 1461 2150 vs
1501 2120 1643 2150 itinerar.
1681 2117 1727 2151 ed.
1751 2126 1852 2158 germ,

320 2175 447 2214 Lappen
492 2184 521 2213 p.
535 2183 585 2214 97.
659 2172 871 2213 Norvagicutn
908 2174 1061 2203 minorem
1112 2169 1247 2211 (Slesvic.
1265 2171 1351 2209 1656.
1369 2179 1398 2210 p.
1406 2170 1490 2209 156.)
1513 2179 1532 2200 ιτ
1542 2179 1574 2200 n.
1598 2178 1617 2199 c
1626 2179 1651 2199 H
1661 2177 1692 2198 n.
1708 2179 1723 2199 1
1732 2178 1754 2198 n:
1763 2176 1784 2197 'r
1794 2178 1815 2198 z
1827 2176 1849 2197 ε

321 2223 503 2264 vulgaribus
526 2224 556 2253 in
575 2223 690 2261 Dania.
715 2223 797 2255 solus
822 2233 872 2254 ro
884 2232 996 2254 Ντοι»
1008 2231 1060 2254 1²1·
1110 2218 1315 2260 phyficotheot.
1338 2218 1551 2259 Batrachtung
1574 2217 1646 2249 iiber
1666 2217 1714 2248 die
1735 2216 1851 2259 wetsten

323 2285 346 2306 n
356 2282 466 2304 Auvs
489 2272 614 2314 scripfit.
1111 2269 1212 2311 Hasen
1228 2270 1260 2300 in
1276 2269 1432 2311 Liqffimd,
1448 2268 1548 2301 Licbek
1561 2278 1653 2309 1?49·
1668 2271 1738 2303 δυο.
1757 2277 1787 2308 p.
1796 2275 1851 2308 45.
