1948 2630
205 173 275 213 380
712 167 938 204 SCIVRVS
974 167 1242 203 STRIATVS.

340 265 484 305 Inclufi
521 263 645 305 Sciuri
682 264 798 305 striati
834 265 951 305 facile
990 265 1028 305 ὃς
1065 265 1131 306 diu
1177 265 1312 305 nutriri
1358 263 1542 317 poliunt,
1599 265 1767 308 nuclessss'

202 338 233 377 is
276 335 314 375 &
351 336 643 388 vegetabilibus
691 336 884 376 alimentis
930 337 1076 384 variis,
1136 347 1272 376 carnes
1319 337 1436 376 etiam
1481 336 1619 377 crudas
1665 339 1737 378 ob-

200 407 296 446 latas
342 408 458 448 avide
497 406 723 456 devorant,
785 405 823 446 &
865 405 894 445 si
939 407 1071 459 plures
1116 407 1155 445 in
1201 406 1347 446 eodem
1393 419 1582 456 carcere,
1645 421 1737 450 cau-

202 476 268 517 das
313 477 385 516 sibi
429 478 604 518 invicem
649 477 892 529 praerodunt.
1045 476 1178 516 Omne
1227 487 1357 517 autem
1404 478 1593 528 pabulum
1642 479 1740 519 sciu-

199 559 270 587 reo
316 560 426 588 more
473 549 513 587 in
559 550 706 600 palmas
751 547 952 598 accipiunt
997 547 1035 587 δε
1079 547 1260 588 clunibus
1306 546 1520 590 infidentes
1566 549 1736 600 rodunt,

198 617 308 669 fique
370 620 536 659 multum
599 616 784 659 offeratur
808 649 819 667 ‚
883 626 986 658 totas
1046 618 1192 659 buccas
1248 617 1479 659 sufferciunt
1517 620 1740 661 avidissime‚

201 687 375 730 Cicurari
427 688 606 741 pet-feste
660 701 862 740 nunquam
917 686 1101 739 possunt,
1167 689 1280 729 secus
1338 701 1382 728 ac
1420 689 1545 730 Sciuri
1604 692 1741 743 vulga-

200 772 293 808 res,
337 760 571 812 semperque
608 770 771 800 manent
809 760 956 808 timidi,
1002 758 1207 809 latebrosi,
1254 758 1417 810 fugaces
1454 760 1492 800 δε
1529 761 1736 801 mordacu.

200 830 249 878 li,
297 831 458 870 vincula
503 830 541 870 &
578 831 732 883 ligneos
782 841 959 870 carceres
1003 829 1158 870 strenue
1196 829 1397 870 rodentes.
1489 829 1534 869 In
1583 831 1737 871 liberta-

200 903 296 939 tem·
321 899 486 940 restituti
524 900 765 939 velociffime
804 899 1020 940 ascendunt
1046 900 1225 947 arbores,
1263 899 1301 938 &
1329 900 1431 939 miris
1459 902 1733 952 promptisque

199 969 358 1011 saltibus
403 969 562 1009 Sciuros
598 969 684 1010 fere
723 978 890 1021 aequant.
985 968 1146 1009 Vocem
1183 969 1422 1010 inclusorum
1459 970 1637 1011 rarissime
1674 985 1739 1012 au-

201 1040 304 1094 dias,
361 1040 399 1079 &
446 1052 562 1092 quam
601 1041 641 1080 vi
689 1043 795 1081 illata
832 1039 1074 1092 quandoque
1113 1040 1260 1090 edunt,
1300 1041 1388 1081 ratti
1425 1041 1590 1081 screatui
1625 1042 1741 1083 subfi-

199 1111 299 1151 milis
335 1110 421 1151 fere
460 1109 528 1151 est.

338 1213 579 1266 Capiuntur‚
617 1223 781 1267 propter
815 1216 943 1266 pelles
967 1214 1250 1266 ignobiliores,
1286 1215 1486 1266 plerisque
1512 1214 1611 1255 locis
1641 1225 1737 1266 neg-

198 1284 406 1337 ligentius,
454 1284 689 1336 frequenter
726 1297 825 1326 vero
865 1284 913 1325 ad
956 1270 1119 1324 Lenam'
1154 1285 1190 1324 &
1228 1286 1266 1323 in
1303 1285 1547 1324 Kusnecenfi
1590 1284 1736 1332 t1·a6lu‚

198 1355 266 1395 ubi
303 1357 457 1396 vellere
493 1357 614 1408 paulo
653 1356 916 1408 praestantiore
954 1355 1052 1395 sunt.
1143 1355 1284 1395 Partim
1331 1357 1370 1394 in
1421 1356 1623 1395 arboribus
1666 1356 1737 1394 ob-

199 1425 291 1466 tusis
330 1425 472 1477 sagittis
518 1427 781 1475 occiduntur,
834 1427 971 1478 partim
1005 1426 1198 1476 decipulis
1236 1423 1523 1476 compress'oriis
1574 1426 1736 1476 aliisque

199 1496 419 1547 capiuntur.
517 1497 583 1536 Ad
615 1496 768 1535 Lenam
804 1496 1026 1535 Iaeutorum
1059 1497 1175 1546 pueri
1210 1494 1324 1535 otiofi
1363 1496 1402 1534 in
1434 1495 1553 1545 sylvis
1595 1495 1735 1534 sonum

198 1566 312 1605 vocis
346 1565 542 1619 femessae,
580 1565 678 1605 oestri
704 1576 885 1617 tempore
921 1567 1095 1618 vernali,
1131 1564 1219 1616 post
1255 1577 1435 1605 truncum
1464 1565 1608 1606 arboris
1635 1565 1736 1605 stan-

199 1644 284 1689 tes,
330 1637 487 1676 lamella
523 1637 692 1677 betulini
730 1638 885 1676 corticis
924 1638 963 1674 in
1001 1650 1045 1675 os
1079 1636 1217 1675 inserta
1255 1637 1453 1675 imitantur
1489 1636 1527 1675 δι
1558 1635 1735 1687 undique

199 1716 449 1746 accurrentes
486 1718 592 1746 coeca
630 1707 792 1747 libidine
830 1719 954 1746 mares
985 1703 1150 1746 fustibus
1189 1708 1356 1745 caedunt.
1430 1705 1628 1758 Tergom,
1672 1715 1735 1746 tae-

199 1776 273 1816 niis
312 1779 517 1827 eleganter
546 1777 672 1828 pi6ta,
709 1777 737 1816 ss
774 1789 863 1817 cum
899 1775 1046 1816 sele&u
1085 1775 1328 1816 artificiosius
1365 1776 1527 1816 consuta
1563 1776 1733 1827 fuerint,

198 1847 480 1898 pulcherrimas
532 1847 740 1898 adspectu,
800 1847 869 1887 sed
906 1845 1118 1887 admodum
1156 1846 1324 1886 infirmas
1361 1845 1491 1887 vestes
1535 1848 1733 1897 praebent,

200 1930 285 1968 quae
322 1917 408 1957 satis
447 1918 608 1969 copiose
644 1918 743 1957 Sinis
780 1917 1064 1957 mercatoribus
1101 1917 1354 1967 venduntur,
1391 1919 1509 1957 rarius
1541 1917 1734 1968 Petropo-

199 1988 255 2026 lin
292 1989 557 2040 perveniunt,
607 1989 675 2029 ubi
721 1997 816 2027 tunc
859 1989 945 2027 satis
984 1999 1074 2025 caro
1121 1986 1325 2037 constant,
1372 1989 1467 2028 licet
1503 1988 1551 2028 ad
1582 1987 1734 2028 Lenam

200 2059 239 2097 in
276 2059 383 2098 mille
421 2060 549 2110 pelles
586 2060 654 2100 vix
682 2059 781 2109 sext,
826 2057 974 2098 oftove
1008 2058 1261 2098 Rublonibus
1296 2056 1466 2098 aestimari
1499 2058 1663 2099 soleant.

336 2171 520 2214 Nomina
557 2170 680 2213 Sciuri
716 2171 833 2213 striati
871 2170 975 2223 apud
1012 2181 1151 2225 gentes
1187 2172 1330 2215 Ruffici
1367 2175 1518 2226 imperii
1556 2174 1593 2214 &
1627 2174 1735 2215 Afia-

204 2244 298 2282 ticas
338 2246 407 2284 rel.
459 2244 665 2296 sequentia
711 2243 905 2284 usitatiora
948 2242 1085 2284 didici;

1636 2314 1731 2358 Rus.
