2032 2630
317 189 340 228 8
499 199 502 202 -
827 182 984 220 1:1⁴:va
1036 179 1349 217 VAR1A131L1s.

367 288 370 289 ⁷
430 274 512 329 Qui
541 274 800 326 explicaverit
824 271 1013 323 cauffam,
1060 285 1147 324 quae
1175 273 1363 325 hyemale
1388 272 1518 315 vellus
1543 273 1708 329 larqus5
1744 273 1860 318 tene:

325 347 423 395 rius,
466 347 774 397 lanuginemque
815 343 1016 394 copiosam
1049 343 1254 396 producit,
1299 355 1416 394 quam
1447 343 1645 397 aestivum,
1700 347 1860 388 videtur

327 418 444 457 etiam
479 414 590 467 polse
624 414 826 463 divinare,
869 425 990 464 quare
1027 413 1261 464 quibusdam
1295 413 1524 455 animalibus
1553 415 1701 467 hyeme
1728 416 1860 459 candi-

325 486 397 526 dus
416 487 518 537 pilus
545 485 736 524 inlocum
754 484 921 524 colorati
938 483 1166 524 succrescat.
1204 505 1254 511 -
1290 495 1556 527 emnnrmvs
1568 479 1799 546 ficundus
1818 477 1860 537 k)

324 555 458 599 noster
483 548 665 598 Patrm‘
702 553 768 607 (in
792 553 909 593 Mstis
932 551 1132 606 relictam)
1170 553 1413 605 hypothesin
1446 545 1702 604 suam-fecit,
1738 556 1864 596 credi-

327 627 486 676 ditque,
525 637 576 665 cx
595 623 747 675 jejunio
771 624 955 675 hyberno
981 625 1178 675 rapacium
1202 625 1449 676 aliorumque
1473 625 1718 674 animalium,
1753 625 1867 667 inde-

326 709 404 749 que
439 704 524 735 orta
558 695 683 734 macie
717 703 758 734 et
793 695 1132 746 depauperatione
1163 694 1357 747 sanguinis
1384 696 1682 747 phaenomenon
1716 696 1864 736 albedi-

326 767 386 807 nis
411 766 599 817 hybernae
622 763 734 815 posse
766 766 964 816 explicari.
1038 763 1190 804 Mirum
1218 777 1301 805 non
1325 763 1563 818 perspexisse
1599 777 1865 816 GMEUNos

328 838 447 890 plane
480 836 716 875 contrarium
749 835 842 874 huic
877 832 1014 874 cauffae
1049 833 1237 876 effectum
1262 836 1516 876 tribuendum
1543 834 1647 885 effe,
1684 835 1714 876 fi
1741 836 1867 878 ullum

330 908 371 947 in
409 907 546 946 colore
582 905 773 945 mutando
809 905 975 956 habeat,
1021 917 1138 957 quam
1179 905 1250 957 ipfi
1280 907 1513 947 tribuerunt.
1619 905 1723 947 Non
1759 907 1868 948 enim

332 977 504 1027 hyeme,
542 977 734 1016 emaciato
767 977 842 1015 iam
881 976 1103 1016 animalium
1140 988 1333 1028 corpore,
1379 977 1490 1018 albus
1518 977 1712 1017 enascitur
1742 976 1867 1030 pilus,

331 1044 396 1087 scd
430 1046 563 1096 prodit
597 1047 627 1083 is
665 1053 854 1084 autumno
890 1044 1001 1093 sero,
1037 1045 1106 1083 vel
1137 1044 1206 1082 sub
1242 1047 1396 1086 initium
1424 1046 1604 1098 hyemis,
1640 1044 1868 1087 abundante

329 1125 416 1156 tum
439 1116 606 1155 maxime
633 1115 803 1166 pabulo,
840 1114 909 1154 vel
932 1113 1068 1154 saltem
1093 1114 1141 1153 ab
1169 1100 1384 1154 autumnali
1413 1114 1542 1166 sagina
1570 1114 1700 1155 adhuc
1721 1115 1873 1156 floren-

333 1188 436 1227 tibus
461 1185 703 1225 animalibus.
804 1183 1011 1224 Contrario
1038 1196 1159 1234 vere,
1203 1197 1325 1236 quum
1351 1197 1424 1236 per
1449 1185 1624 1235 inopiam
1650 1194 1692 1225 et
1714 1184 1873 1235 injurias

333 1256 488 1307 hyemis
515 1256 682 1295 maxime
711 1253 897 1295 exhausta
923 1254 1012 1294 sunt
1034 1266 1224 1305 corpora,
1261 1264 1344 1294 tum
1377 1255 1538 1306 quidem
1565 1256 1790 1296 coloratam
1813 1256 1870 1298 in·

333 1326 462 1373 duunt
485 1325 650 1366 vestem.
723 1324 841 1365 Licet
866 1336 965 1365 vero
998 1325 1113 1364 hicce
1142 1323 1306 1365 effeetus
1334 1326 1450 1365 etiam
1478 1326 1517 1364 in
1544 1324 1702 1365 inclusis
1727 1326 1873 1366 anima-¹

330 1398 455 1444 libus,
493 1398 630 1446 aequali
654 1395 808 1447 semper
828 1397 919 1435 cibo
938 1394 1167 1444 sustentatis,
1204 1405 1314 1446 aeque
1334 1404 1378 1434 ut
1398 1396 1438 1434 in
1457 1394 1683 1445 spontaneis
1704 1396 1871 1444 accidere

335 1474 466 1506 tamen
485 1467 618 1518 negari
637 1466 776 1516 nequit
791 1464 988 1505 ‘fastidium
1009 1473 1100 1505 ante
1118 1464 1293 1504 medium
1307 1464 1462 1515 hyemis
1482 1463 1666 1505 omnibus
1675 1466 1876 1517 ingruere,

336 1548 512 1578 venerea
539 1548 701 1586 quoque
723 1547 867 1585 organa
885 1537 1112 1575 alimentum
1132 1534 1181 1574 ad
1204 1534 1243 1575 se
1268 1547 1430 1585 rapere,
1467 1536 1522 1574 ita
1545 1545 1590 1575 ut
1613 1535 1684 1575 sub
1707 1537 1874 1576 vernale

339 1618 494 1658 tempus
523 1604 715 1645 constanti
739 1606 830 1656 lege
857 1613 1001 1644 naturae
1028 1604 1288 1655 macrescant‚
1336 1614 1376 1645 et
1400 1605 1609 1656 praesertim
1643 1606 1745 1646 circa
1775 1607 1874 1647 novi

338 1677 574 1730 principium
604 1676 693 1714 anni
730 1676 941 1725 languent,
980 1686 1061 1725 quo
1097 1683 1279 1725 tempore
1305 1675 1497 1726 hyemalis
1528 1676 1632 1726 pilus
1665 1688 1686 1715 a
1722 1676 1885 1723 sum-mo*

338 1745 595 1799 perfeetionis
623 1744 744 1796 gradu
775 1743 912 1783 sensim
945 1743 1144 1783 declinare
1176 1745 1315 1794 incipit
1341 1754 1382 1783 et
1406 1746 1529 1795 prima
1554 1744 1672 1785 aestivi
1701 1748 1878 1798 germina

339 1818 600 1857 suboriuntur.
677 1814 802 1853 Immo
837 1813 954 1854 didici
991 1815 1266 1864 experimento
1293 1813 1556 1855 Mustelarum
1593 1823 1634 1854 et
1667 1815 1877 1856 Erminco-

341 1900 449 1937 rum,
494 1898 588 1938 quas
623 1886 662 1924 in
699 1897 821 1923 cavea
849 1885 1041 1931 enutrivi,
1086 1892 1196 1922 tanto
1229 1884 1413 1923 maturius
1448 1883 1667 1937 prorupisse
1701 1884 1877 1926 aestivum

343 1959 489 2010 pilum,
535 1967 615 2007 quo
651 1955 770 2007 magis
807 1953 991 2006 languida
1029 1962 1069 1993 et
1101 1954 1312 1994 macilenta
1349 1952 1463 1994 fuere
1501 1955 1690 1995 animalia.
1779 1955 1876 1995 Evi-

1708 2025 1877 2066 ‹lentim-⁵

396 2145 428 2191 ι)
455 2147 537 2181 Reise
560 2146 654 2179 durch
671 2146 826 2190 Russltmd
859 2146 962 2179 V01.1.
992 2156 1021 2187 p.
1031 2152 1087 2185 38.
1136 2147 1215 2179 scuri
1243 2146 1358 2178 coloris
1382 2148 1504 2182 evadat.
1566 2147 1668 2180 Habui
1691 2150 1773 2181 enim
1801 2148 1879 2181 aesti-

337 2199 402 2242 seq,
442 2199 626 2229 Tenendum
664 2198 723 2231 est.
751 2199 793 2228 ibi
824 2198 900 2228 salso
922 2199 959 2228 de
981 2196 1086 2237 StrIge
1136 2208 1190 2229 vas
1218 2208 1303 2238 aeque
1328 2199 1471 2229 candidas
1503 2197 1639 2238 <praeter
1663 2199 1774 2238 sparsas
1792 2199 1882 2246 lunug‘

345 2248 460 2291 nyctim
480 2247 589 2291 afferi,
623 2249 705 2288 quod
732 2248 835 2279 aestate
860 2248 938 2280 susci
961 2247 1009 2279 vel
1035 2249 1087 2280 ob-
1136 2248 1182 2280 las
1202 2253 1234 2279 et
1251 2247 1383 2290 puncta)
1408 2254 1445 2280 ut
1465 2248 1536 2282 sunt
1559 2249 1687 2292 hyeme.
