2032 2630
607 160 889 221 AnCTomYs
921 185 1224 221 MARMOTAE
1260 183 1492 226 AFF'INIS„
1735 203 1803 238 ιις

332 307 350 320 ..
422 286 472 325 ad
502 282 736 324 calcaneum
964 303 980 317 ε
1212 306 1228 319 ⁴
1513 287 1570 328 ολ
1615 283 1679 328 2.“
1716 287 1805 341 4.“‘¹

262 351 452 397 Latitudo
479 355 618 407 palmae
646 355 695 396 ad
723 354 831 395 bafm
860 354 1073 409 digitorum
1269 378 1285 390 a
1516 373 1556 399 0.
1618 372 1650 400 1.
1724 373 1759 401 2.

422 429 568 478 plantae
1518 444 1545 470 ο
1616 444 1630 471 1
1724 442 1738 472 1

259 491 456 539 Dentium
482 488 704 551 primorum
718 496 955 545 inferiorum
982 497 1194 551 longitudo
1337 525 1353 532 -
1514 514 1553 541 0.
1601 513 1640 541 0.
1714 503 1778 548 8ξ-.

329 594 344 602 -
416 569 663 622 superiorum
1513 584 1540 611 0
1600 585 1626 613 ο
1722 583 1742 625 5

718 702 757 748 A
809 705 858 746 N
908 707 946 747 A
1000 700 1037 746 T
1092 706 1130 747 O
1183 706 1237 747 M
1286 704 1336 748 E..-

864 795 937 830 Tab.
956 796 1018 827 IX.
1038 796 1091 837 fig.
1111 808 1142 838 4.
1156 806 1191 837 5.

392 891 600 938 interanea
629 894 839 950 praesertim
872 908 895 938 e
930 890 1091 939 foemina
1128 891 1399 952 pinguiffima‚
1452 882 1563 952 cujus
1599 903 1798 945 mensuras*

255 968 379 1010 inodo
406 969 522 1019 dedi,
561 968 825 1020 descripturus
852 968 956 1018 sum,
988 969 1059 1010 nifi
1087 967 1156 1010 ubi
1187 970 1339 1010 diversa
1367 983 1577 1012 monuero.
1665 969 1798 1018 Pan-s

255 1033 431 1085 nicullls
454 1040 637 1080 carnosus
665 1049 772 1079 extra
798 1042 1107 1092 pinguedinem,
1140 1042 1180 1080 in
1207 1041 1322 1082 dorso
1348 1041 1635 1085 robustiffimusi

398 1139 641 1189 Omentmn
672 1145 962 1200 ampliffimum,
995 1146 1238 1198 expansione
1273 1147 1584 1200 semicirculare‚
1623 1151 1795 1204 longitu-

254 1217 346 1257 dine
373 1213 465 1267 4{-“.
490 1217 698 1256 latitudine
733 1215 876 1267 dupla,
915 1218 1250 1268 arachnoideffln,
1287 1217 1382 1259 striis
1410 1218 1599 1271 adiposis,
1635 1222 1794 1262 ramosis

249 1284 595 1342 subreticulatum,
631 1287 809 1337 ambitu,
852 1288 1060 1340 praesertim
1096 1288 1334 1339 sinisterius,
1376 1291 1691 1344 pinguissimum3
1735 1300 1795 1333 to-

251 1370 335 1400 tum
374 1370 473 1398 ve-ro
506 1371 588 1399 non
623 1367 696 1410 per
727 1359 927 1399 abdomen
957 1361 1197 1413 expansum,
1241 1361 1310 1402 sed
1343 1362 1477 1402 versus
1521 1363 1646 1416 hepar
1676 1365 1793 1405 redu-

251 1429 472 1483 plicatum,
518 1429 790 1481 finistrumque
838 1430 1191 1482 hypochondrium
1232 1434 1334 1472 circa
1373 1433 1521 1474 lienem
1564 1435 1793 1485 effarciens,

251 1503 433 1554 pondere
463 1501 590 1541 solum
617 1505 671 1552 43
699 1503 914 1542 unciarum.
992 1497 1191 1547 Omem'll
1219 1504 1300 1544 duo
1316 1498 1575 1563 peculiaria
1603 1516 1624 1545 a
1649 1507 1792 1547 lumbis

252 1582 358 1623 orta,
396 1570 617 1613 abdominis
641 1575 761 1613 latera
786 1572 968 1613 foventia
1003 1573 1041 1613 &
1075 1574 1161 1615 fere
1196 1576 1318 1627 usque
1352 1576 1400 1616 ad
1432 1577 1664 1618 umbilicum
1699 1591 1792 1631 pro-

251 1644 387 1694 duna,
427 1644 536 1698 digiti
563 1646 642 1684 imo
669 1645 827 1696 pollicis
858 1644 1016 1685 craffitie
1043 1647 1289 1699 pinguedine
1318 1646 1497 1696 effaifia,
1534 1649 1795 1690 semicircula-

248 1719 324 1765 ria,
361 1716 494 1756 versus
521 1716 671 1767 pubem
700 1727 884 1756 connexa
918 1729 1007 1756 cum
1047 1712 1270 1763 omentulo
1306 1718 1412 1771 quasi
1446 1723 1613 1778 quarto
1640 1720 1666 1760 s.
1701 1723 1788 1772 pin-

248 1788 430 1840 guedinis
464 1787 561 1827 lobo
590 1798 681 1828 ante
713 1787 883 1827 vesicam
914 1787 1108 1837 colmelo,
1160 1791 1415 1841 priorumque
1452 1791 1704 1831 intervallum
1738 1794 1788 1833 ad

247 1859 477 1900 umbilicum
507 1858 592 1899 fere
620 1859 743 1910 usque
770 1860 971 1910 explente.
1045 1858 1150 1899 Tota
1175 1860 1332 1901 dorsalis
1358 1862 1468 1912 regio
1502 1874 1522 1900 a
1548 1863 1708 1903 renibus
1736 1863 1785 1902 ad

246 1930 397 1982 pelvim
427 1927 543 1969 craffa
568 1931 813 1982 pinguedine
840 1928 1067 1979 incrustata,
1107 1943 1192 1981 quae
1227 1931 1339 1971 simul
1369 1944 1460 1971 cum
1488 1935 1658 1974 omentis
1686 1936 1786 1974 lum-

245 2002 401 2041 baribus
425 2001 664 2051 ponderavit
692 2014 712 2039 a
739 2000 881 2039 sinistra
906 2010 1015 2053 parte
1043 2003 1095 2050 ὁζ-
1119 2010 1211 2042 un'c.
1253 2013 1272 2042 a
1298 2003 1434 2042 dextra
1469 2009 1517 2056 εζ-
1540 2016 1631 2043 unc.
1687 2006 1783 2045 1³1·ae-

247 2080 355 2112 terea
385 2072 502 2111 Iobus
528 2072 780 2123 pinguedinis
804 2073 1003 2112 cardiacus
1028 2073 1182 2123 aderat,
1221 2073 1258 2112 &
1293 2073 1543 2127 diaphragma
1571 2075 1686 2127 adipe
1725 2079 1782 2116 in-

247 2142 482 2189 crustatum3
521 2142 628 2183 unde
665 2155 715 2183 ex
749 2151 832 2181 tota
865 2143 958 2183 alvo
995 2143 1165 2184 collefta
1201 2144 1408 2196 pinguedo
1445 2144 1510 2198 (in
1546 2147 1700 2187 animali
1727 2154 1781 2199 9-{-

244 2216 359 2256 libras
387 2210 620 2265 pendente)
656 2215 755 2254 ultra
779 2214 916 2254 libram
955 2214 993 2255 &
1028 2227 1050 2265 7
1075 2216 1210 2256 uncias
1245 2217 1436 2267 aequavit,
1474 2217 1583 2257 lardo
1606 2220 1779 2270 mollior,

245 2286 448 2336 albiffima,
484 2284 683 2326 leviffima.
704 2310 752 2316 —-
786 2285 832 2330 In
863 2284 957 2326 feris
998 2295 1133 2327 autem
1165 2287 1371 2342 pinguedo
1414 2286 1569 2341 semper
1603 2291 1779 2341 parcior,

945 2356 976 2396 P
1014 2368 1034 2406 3
