2032 2630
811 213 913 251 Mvs
955 213 1207 249 CITILLVS.
1706 222 1777 262 κγ

237 314 324 356 fere
359 315 451 356 totis
499 313 623 364 albis,
675 322 720 355 ut
764 313 833 354 vix
871 307 1024 353 humeri
1063 313 1208 352 leviter
1245 309 1437 352 lutescant
1473 310 1511 351 δε
1546 313 1585 351 in
1618 311 1775 353 feminis

236 386 389 440 (multo
430 382 672 437 minoribus>
712 384 1041 436 hypoch0nd1·ia;
1088 385 1212 424 cauda
1245 393 1376 423 tamen
1414 383 1565 423 intense
1613 382 1774 434 ferrugi-

231 469 330 506 nea,
368 456 406 496 &
440 455 547 507 quasi
577 457 680 496 linea
713 468 785 507 per
822 456 966 507 longos
1000 456 1118 495 villos
1149 455 1348 494 ambiente
1377 455 1505 505 nigra,
1543 454 1771 505 ambituque

230 529 394 568 demum
432 527 564 567 albido
596 526 798 567 fimbriata.
845 558 896 563 .-
968 520 1293 577 Atque'horum
1336 524 1478 564 similes
1527 525 1686 579 pelles,
1731 526 1772 565 in

230 597 346 639 dorso
375 600 470 638 licet
498 599 619 648 paulo
651 598 918 650 saturatiores,
955 596 1152 636 interdum
1189 595 1370 635 obsolete
1397 603 1567 649 guttatas
1601 607 1624 635 e
1652 595 1771 638 ,Kam-

231 669 407 710 tschatka
445 670 595 719 accepi.

367 751 482 791 Patet
515 751 632 803 igitur
661 743 914 793 varietates
954 741 1239 803 Citillor'llm,
1276 760 1362 799 quae
1396 747 1614 789 secundum
1639 751 1769 801 regio-

227 833 300 861 nes
343 821 428 861 suas
471 821 695 862 constantes
733 819 1117 870 deprehenduntur,
1172 819 1354 871 adeoque
1394 832 1415 859 a
1449 820 1556 869 loci,
1613 821 1769 871 pabuli,

229 892 301 932 soli
339 903 475 933 natura
510 893 675 932 omnino
710 891 913 944 pendent,
950 890 1158 941 praesertim
1184 893 1280 934 tres
1301 889 1413 930 statui
1438 888 1563 942 poffe.
1608 891 1653 929 In
1681 891 1768 931 her-

227 962 329 1003 bidis
355 953 718 1026 perfeciiffimam
753 962 858 1001 illam
895 962 1140 1001 mediocrem
1161 992 1173 1010 ,
1218 954 1514 1012 undulatam,
1560 961 1766 1013 caudaque

226 1044 399 1085 pennata
431 1034 644 1087 insignem,
682 1034 821 1073 ultimo
859 1034 954 1071 loco
992 1032 1240 1082 expositam3
1295 1044 1381 1082 quae
1418 1033 1458 1070 in
1492 1031 1694 1086 frigidiore
1729 1032 1768 1072 δε

227 1103 383 1155 alpestri
417 1104 555 1144 Sibiria
590 1104 757 1144 albidior
791 1102 933 1151 evasit,
970 1102 1101 1155 paffim
1138 1104 1257 1156 magis
1294 1103 1477 1143 minusve
1518 1112 1669 1155 guttata
1701 1116 1767 1156 ap-

225 1185 358 1227 paret,
415 1176 463 1216 ad
496 1174 706 1227 Selengam
742 1182 873 1214 autem
924 1175 1092 1213 maxime
1136 1167 1419 1233 longitffdine
1460 1169 1618 1218 cauda>
1671 1175 1767 1214 emi-

226 1256 309 1286 net.
346 1238 396 1278 -L
466 1245 632 1286 Deinde
660 1248 922 1306 guttatam,
961 1243 1009 1284 ad
1041 1245 1179 1295 prioris
1225 1244 1392 1284 maxime
1435 1242 1650 1296 postremas
1696 1257 1766 1285 va.

224 1318 383 1357 rietates
420 1315 566 1369 (etiam
602 1317 735 1356 albido
770 1316 884 1368 proni
917 1317 1094 1366 corporis
1139 1311 1305 1366 colore)
1353 1315 1645 1365 acce-dentem,
1700 1317 1765 1357 cui

223 1388 353 1428 minus
391 1387 529 1427 villosa
563 1386 602 1426 δε
635 1387 776 1426 exilior
818 1387 962 1434 cauda,
1007 1397 1174 1438 quaeque
1213 1384 1330 1439 (cum
1367 1385 1436 1426 sub
1472 1387 1627 1426 climate
1659 1388 1762 1427 adeo

226 1457 403 1508 diverso,
441 1456 490 1497 ad
525 1456 678 1498 Lenam
714 1457 865 1496 scilicet
900 1457 938 1496 ὃς
969 1456 1145 1507 Tanain,
1184 1456 1221 1496 &
1252 1458 1291 1496 in
1329 1458 1474 1508 campis
1508 1470 1666 1506 eorum,
1695 1459 1764 1510 qui

222 1530 386 1582 primam
424 1530 554 1579 alunt,
591 1528 814 1576 simillimis,
852 1529 932 1568 imo
970 1527 1019 1566 ad
1053 1527 1229 1581 Volgam
1262 1528 1348 1569 solo
1385 1526 1548 1568 flumine
1584 1529 1761 1578 diremta‚

221 1596 435 1653 gignatur)
489 1599 714 1639 difficillime
750 1599 937 1649 explicari
969 1600 1130 1650 poterit.
1163 1623 1218 1630 —
1288 1597 1481 1649 Denique
1516 1599 1556 1639 in
1589 1599 1761 1639 calidissi-

221 1672 293 1712 mis
330 1670 368 1711 &
403 1670 556 1711 torridis
588 1670 817 1723 regionibus
846 1663 1169 1730 flllvefi‘entem
1200 1671 1269 1710 vel
1315 1669 1363 1710 ad
1405 1671 1567 1721 primam
1621 1672 1759 1711 colore

221 1743 330 1783 varie
363 1740 657 1792 declinantem,
695 1742 758 1782 cui
797 1739 921 1780 cauda
960 1753 1124 1792 quoque
1161 1740 1221 1780 isti
1256 1740 1385 1781 fimilis
1418 1740 1495 1791 est,
1542 1741 1610 1782 sed
1644 1741 1760 1781 statu-

222 1825 263 1853 ra
281 1799 529 1865 ‘plerumque
564 1806 771 1865 minima,
807 1812 876 1852 vel
911 1812 1044 1851 rariori
1072 1813 1261 1862 exemplo
1299 1813 1346 1852 ad
1370 1806 1635 1872 giganteam
1670 1825 1759 1852 mo-

220 1884 322 1933 lem,
358 1883 493 1936 pabuli
528 1882 632 1923 forte
664 1881 864 1933 cujusdam
900 1881 1039 1935 (forte
1068 1879 1267 1934 animalis)
1302 1880 1505 1921 beneficio
1532 1881 1758 1922 mausta—

222 1952 298 1993 Hae
333 1963 466 2003 tamen
499 1965 638 1994 omnes
670 1955 880 1994 varietates
907 1953 1082 1994 moribus
1107 1952 1145 1993 &
1171 1961 1328 2002 natura,
1365 1953 1524 2004 paucis,
1561 1965 1648 2006 quae
1674 1966 1758 1994 mo-

220 2026 353 2075 neb0,
392 2025 569 2076 exceptis
603 2025 705 2064 inter
738 2024 777 2064 se
801 2024 1067 2065 conveniunt.

361 2104 508 2156 Citilli‚
540 2117 682 2158 praeter
715 2105 844 2158 sylvas
879 2105 916 2145 &
943 2105 1136 2157 paludosa
1168 2106 1283 2156 loca,
1329 2106 1438 2145 omni
1469 2103 1554 2145 fere
1589 2107 1754 2159 regione

219 2178 500 2230 temperatiore
536 2176 574 2216 &
606 2177 735 2228 aprica
764 2178 946 2217 contenti
971 2176 1071 2216 sunt.
1144 2174 1326 2217 Maxime
1352 2177 1553 2217 abundant
1580 2178 1620 2216 iri
1651 2190 1755 2217 cam-

218 2249 280 2301 pis
314 2250 352 2287 &
385 2249 554 2288 collibus
585 2244 837 2297 siccioribus,
875 2249 1010 2296 elatis,
1050 2248 1230 2296 incultis,
1276 2247 1477 2299 caespitoso
1513 2250 1581 2288 vel
1614 2249 1753 2289 limoso

217 2319 303 2362 solo
339 2318 377 2359 δι
404 2319 524 2360 herba
556 2319 740 2360 breviore
775 2320 844 2359 vel
871 2319 1014 2358 rariore
1055 2318 1211 2359 dotatis.
1303 2316 1408 2358 Non
1439 2317 1581 2359 desunt
1619 2331 1753 2371 neque

1007 2388 1045 2427 R
1457 2390 1460 2392 ,
