2032 2630
476 212 544 245 DE
590 208 796 243 GENERE
841 209 1043 245 MVRINO
1089 209 1144 242 IN
1195 207 1514 246 VNIVERSVM.
1722 213 1767 254 83

959 301 1044 352 IV.

645 387 909 429 MVRES
991 386 1349 428 BUCCATI.

243 484 311 521 21.
342 476 449 516 MVS
481 476 670 526 (erfectus)
702 476 823 515 buccis
855 474 1093 524 flacculifefis,
1121 485 1276 523 corpore
1305 474 1428 512 subtus
1452 474 1648 525 aterrimo,
1679 474 1770 513 oica.

348 535 500 573 trieibus
530 534 757 573 lumbaribus
782 533 946 572 detonsis.
975 534 1082 571 TAB.
1107 533 1228 570 XXV.
1255 531 1320 580 fig.
1348 542 1381 573 1.
1407 542 1442 575 2.

381 606 523 637 Cricetus
550 615 574 636 A
587 615 606 636 a
618 615 641 635 R
652 615 664 634 1
674 614 691 635 c
703 615 723 635 o
734 615 762 637 L.
779 604 915 645 Jubterr.
936 614 965 638 p.
975 603 1052 644 486.
1091 612 1115 633 G
1127 613 1149 632 E
1162 612 1178 632 s
1189 612 1211 632 N
1220 613 1241 633 E
1252 613 1283 633 R.
1298 602 1408 644 quadr.
1430 613 1460 644 p.
1476 608 1551 644 738.

385 656 539 688 Marmota
554 655 813 696 argentoratensis
841 666 860 684 B
871 665 912 684 Rl
925 663 941 684 s
951 665 968 685 s
979 664 1000 684 o
1012 664 1046 684 N.
1062 652 1172 694 quadr.
1184 663 1213 693 p.
1231 663 1297 694 1¹7·

387 708 459 738 Mus
482 705 623 738 Crieetus
650 705 815 747 L1N.syst.
829 705 910 736 ΧΠ.
927 716 957 742 p,
974 711 1041 742 182.
1062 705 1097 744 sp
1114 714 1143 744 9.

383 757 526 789 Hamster
549 766 688 788 nvmvo
702 766 732 786 N.
755 756 816 796 lust.
840 760 904 789 nat.
922 754 1022 787 XIII.
1046 764 1152 796 p.117.
1177 752 1248 784 edit.
1266 753 1338 787 min.
1350 752 1483 785 XXVI.
1502 763 1532 795 p.
1543 763 1606 794 151.
1639 751 1701 786 tab.
1721 751 1773 795 14}

436 814 500 849 opt.
529 817 546 838 s
558 817 635 837 vnz
647 817 667 837 E
677 817 709 840 R.
729 816 868 846 monogr.
881 815 1022 847 german,
1036 815 1130 846 1774.
1156 814 1170 835 c
1199 804 1274 835 icon.

386 858 540 890 Marmota
563 858 742 899 germanica
763 867 811 888 PE
823 868 843 887 N
855 867 876 887 N
887 867 912 887 A
923 867 945 887 N
957 867 989 890 T.
1016 856 1084 898 syn.
1112 864 1186 896 pag.
1207 864 1277 895 271,
1308 864 1356 885 nr.
1371 864 1441 886 200.

370 925 613 967 Delineatur
648 926 788 975 etiam,
824 924 893 964 sed
927 924 1052 973 male,
1091 923 1197 975 apud
1231 933 1513 962 GMELINVM
1538 913 1773 979 juniorem

239 989 480 1057 (itinerar.
509 991 544 1040 I·
573 1003 618 1056 p.
643 1005 734 1058 33.
770 989 862 1040 tab.
898 987 982 1052 6.)
1021 994 1060 1035 &
1092 995 1325 1035 varietatem
1367 1004 1486 1034 atram
1528 992 1639 1034 dedit
1681 988 1771 1038 Cel,

234 1079 498 1108 LEPEcmN
530 1063 737 1113 itinerar.
782 1059 937 1110 Vol-I.
968 1071 1015 1125 p.
1040 1073 1172 1127 310.
1213 1057 1421 1125 tab.15.
1454 1065 1573 1104 bona.
1656 1063 1772 1105 Circa

234 1137 350 1189 hujus
384 1151 548 1192 quoque
595 1139 767 1178 animalis
809 1135 1007 1178 historiam
1052 1138 1180 1189 aliqua
1219 1135 1470 1189 supplenda,
1525 1136 1643 1176 etiam
1683 1134 1774 1201 pest

234 1211 437 1263 egregium
472 1224 488 1250 s
497 1223 526 1250 v
536 1222 562 1249 L
570 1223 593 1250 z
603 1223 625 1249 E
636 1222 682 1248 Μ
718 1208 950 1260 opusculum
963 1239 976 1258 ,
1021 1207 1177 1249 restant.

377 1303 454 1343 Per
499 1304 762 1345 australiorem
806 1302 975 1343 Ruffiam
1012 1300 1271 1354 campestrem
1307 1300 1516 1353 praesertin]
1553 1301 1652 1341 locis
1690 1301 1773 1341 cul-

231 1375 398 1415 tioribus
443 1374 537 1428 (ubi
581 1375 798 1414 minoribus
835 1386 856 1412 a
891 1373 984 1414 feris
1023 1374 1143 1413 tutior
1189 1370 1270 1424 est)
1318 1372 1516 1420 abundat3
1564 1371 1675 1411 datur
1718 1381 1774 1412 ta-

182 1437 184 1440 *
234 1457 329 1486 men
367 1444 469 1498 (nec
506 1442 765 1497 infrequens)
820 1457 893 1496 per
937 1454 1065 1484 totum
1113 1445 1228 1483 etiam
1275 1444 1472 1483 desertum
1518 1442 1771 1494 Tataricum,

234 1528 480 1568 camposque
519 1517 749 1559 australioris
786 1515 956 1566 Sibiriae,
995 1514 1169 1566 adusque
1195 1514 1386 1554 Ieniseam
1411 1513 1519 1568 (non
1546 1511 1685 1566 ultra).
1722 1538 1773 1546 -

234 1587 280 1628 In
327 1588 487 1630 desertis
524 1589 748 1640 sporadicus
785 1588 908 1638 vivit,
953 1586 991 1626 δε
1027 1588 1196 1633 maxime
1233 1587 1325 1626 loca
1368 1596 1492 1635 amat,
1542 1586 1612 1624 ubi
1650 1586 1772 1625 abun-

234 1658 389 1699 dantior
409 1658 681 1713 Glycyr'rhizae
700 1650 942 1709 proventus,
980 1657 1091 1708 cujus
1127 1657 1274 1697 semina
1311 1658 1475 1709 colligit.
1548 1655 1773 1696 Arenosum

234 1731 337 1769 vitat
379 1730 527 1785 solum,
575 1728 835 1782 depressaque
872 1730 1013 1780 irrigua
1050 1716 1261 1768 uversatur.
1342 1727 1650 1780 Bhgnitudine,
1696 1739 1769 1778 pro

234 1801 370 1852 pabuli
387 1812 545 1853 natura,
582 1802 700 1849 sexu,
738 1809 873 1848 aetate,
911 1797 1128 1839 admodum
1164 1799 1308 1845 variam
1333 1807 1457 1838 mares
1494 1797 1648 1849 semper
1683 1799 1771 1838 lon-

235 1883 285 1924 ge
329 1871 527 1923 majores,
583 1875 765 1925 pondere
811 1883 832 1910 a
877 1870 974 1910 libra
1018 1869 1203 1919 medica,
1261 1869 1309 1909 ad
1361 1869 1496 1908 uncias
1539 1868 1768 1920 sexdecim,

233 1954 356 1993 quum
407 1953 545 1984 contra
588 1942 756 1982 foeminae
811 1943 879 1982 vix
932 1954 960 1992 4
1012 1941 1082 1981 vel
1129 1941 1155 1978 6
1201 1940 1337 1980 uncias
1391 1939 1572 1990 superare
1625 1939 1767 1979 solent.

234 2013 310 2053 Per
354 2012 498 2066 Volgae
536 2013 698 2055 trachin]
743 2014 840 2064 agris
878 2011 1100 2065 idoneum,
1143 2011 1311 2050 maxime
1356 2011 1396 2049 in
1443 2009 1663 2050 Casanienfi
1709 2022 1769 2050 re-

233 2098 314 2138 gno
336 2116 348 2138 ,
401 2086 581 2136 circaque
625 2084 709 2137 jugi
761 2082 962 2123 Uralenfis
1004 2081 1227 2123 australiora
1281 2082 1585 2132 promontoria,
1631 2081 1669 2121 &
1726 2082 1768 2121 in

232 2154 392 2197 Isexen‘i
430 2156 605 2206 denique
642 2156 849 2206 provincia
884 2165 968 2193 non
998 2152 1229 2204 infrequens
1267 2150 1323 2191 est
1358 2153 1525 2192 varietas
1563 2162 1662 2207 atra,
1700 2164 1769 2192 co·

232 2226 343 2281 piosa.
385 2239 485 2266 vero
523 2228 564 2267 in
607 2227 771 2278 regione
824 2227 927 2277 circa
972 2224 1160 2264 Siinbirsk
1206 2223 1245 2262 &
1288 2221 1412 2263 Ufam
1457 2222 1633 2276 oppida,
1675 2237 1769 2275 quae

233 2296 456 2352 promiscue
484 2310 574 2339 cum
600 2298 752 2349 vulgari
787 2297 888 2346 coit,
928 2295 965 2335 &
1000 2296 1041 2335 in
1073 2294 1219 2335 eodem
1263 2293 1364 2345 saepe
1408 2305 1498 2334 cum
1540 2295 1768 2347 vulgaribus

229 2369 350 2420 nido,
384 2370 621 2424 plerumque
654 2378 787 2410 tamen
819 2377 904 2408 tota
936 2365 1082 2410 familia
1112 2367 1244 2420 nigra,
1280 2365 1460 2408 nascitur.
1552 2365 1768 2421 Distingui-

910 2436 945 2478 L
967 2449 988 2488 3
