1948 2630
193 163 240 200 82
445 157 511 190 DE
555 153 758 188 GENERE
805 151 1012 188 MVRINO
1056 151 1109 186 IN
1149 151 1472 193 VNIVERSVM.

325 254 446 293 Amat
476 251 664 305 paludes,
700 251 791 291 loca
826 249 987 290 humida
1023 249 1152 291 lutosa
1197 252 1299 293 circa
1342 253 1450 294 lacus
1482 253 1519 294 &
1550 252 1728 306 flumina,

191 325 399 378 praesertim
429 324 499 364 ubi
533 322 659 376 typha
691 321 850 372 crescit,
895 321 1005 373 cujus
1048 320 1199 363 radices
1241 332 1354 364 amat.
1461 324 1507 364 In
1544 325 1726 378 depressis

190 397 408 447 caespitem,
446 393 561 434 instar
595 393 755 447 Talpae,
793 393 993 433 canalibus
1031 395 1244 445 percurrit,
1282 396 1426 437 crebris
1465 395 1612 437 ostiolis
1649 406 1727 436 ter-

189 479 269 507 rani
303 477 492 519 egerens,
536 477 615 504 nec
653 466 754 505 ultra
787 463 986 516 spithamae
1022 463 1335 515 profunditatem
1375 475 1618 519 penetrans,
1673 479 1726 508 ne

188 538 406 587 radicibus,
441 544 586 589 utpote
618 536 762 576 laboris
793 536 976 588 praeuiio,
1014 534 1228 577 frustretur.
1301 536 1499 590 Expulsus
1537 539 1585 579 ad
1609 550 1727 590 aquas

187 608 391 662 confugit,
428 609 566 659 inepte
600 615 730 656 natat,
768 608 901 659 potius
940 607 980 645 in
1014 606 1142 647 fundo
1179 608 1378 649 ambulare
1416 618 1538 658 amat,
1587 609 1631 649 at‘
1657 611 1727 650 vix

186 682 288 722 ultra
327 679 530 720 dimidium
564 679 758 719 minutum
794 677 864 717 sub
901 679 1009 728 aquis
1037 678 1160 718 durat.
1232 679 1406 721 Piscibus
1432 679 1616 721 infestum
1645 678 1724 721 esse

124 763 128 767 ·
186 752 257 792 vix
289 750 543 799 crediderim,
582 748 754 789 abundat
789 749 894 789 enini
923 750 1044 801 magis
1079 751 1181 789 eirca
1207 750 1366 790 lacunas
1399 751 1505 803 pisce
1531 760 1725 801 carentes,

189 822 218 863 fi
253 821 377 862 modo
411 807 566 872 caespite
603 822 693 859 laeto
726 821 952 872 cingantur,
990 819 1259 871 &nunquam
1292 822 1440 873 piscem
1475 824 1572 862 olet.
1653 822 1727 862 Vi-

184 893 306 933 detur
338 893 378 933 in
411 892 491 932 hoc
523 890 663 942 injuste
705 904 726 930 a
758 901 1014 930 BVFFONIO
1048 892 1211 942 aliisque
1246 895 1386 943 taxari,
1444 894 1512 945 qui
1550 893 1589 933 &
1619 902 1727 934 antra

186 966 315 1005 minus
352 961 460 1003 recte
497 961 691 1002 describit.
767 959 937 1014 (Forsan
974 973 997 1000 a
1029 960 1153 1002 Mure
1185 961 1408 1004 decumano
1447 965 1551 1004 illata
1586 964 1726 1005 damna

186 1035 288 1087 saepe
327 1034 421 1075 huic
460 1033 682 1073 tribuerunt
726 1029 974 1083 oeconomi).
1087 1031 1239 1083 Captus
1289 1035 1330 1073 in
1377 1034 1528 1086 postica
1572 1035 1725 1076 erectus

187 1107 325 1159 palmis
375 1104 644 1156 dentibusque
691 1115 780 1143 cum
825 1102 988 1142 stertore
1034 1102 1073 1142 se
1117 1102 1311 1144 defendit.
1395 1105 1526 1146 Canes
1563 1107 1727 1146 villatici

187 1177 225 1217 &
260 1177 429 1228 aquatici
462 1176 531 1215 vix
574 1177 694 1214 ullam
737 1173 918 1214 Murium
958 1173 1134 1225 speciem
1177 1177 1300 1216 acrius
1342 1176 1416 1217 hac
1462 1176 1542 1229 ipsa
1578 1176 1726 1217 sectan-

186 1256 270 1296 tur,
310 1247 348 1286 &
381 1245 548 1287 odorem
584 1245 863 1298 promptissime
898 1244 1095 1294 sentiunt,
1141 1246 1209 1296 qui
1247 1245 1429 1296 feminis,
1487 1246 1584 1287 oestri
1628 1257 1727 1288 teni-

187 1331 287 1372 pore
319 1318 495 1366 vernali,
532 1315 689 1358 fortiter
723 1315 948 1357 moschatus
988 1314 1122 1355 est.-
1158 1315 1367 1358 Infestatur
1392 1317 1529 1358 Acaris
1557 1317 1726 1360 scutula.

188 1391 236 1430 tis
274 1389 544 1443 singularibus.

326 1505 463 1559 Quum
496 1505 651 1544 nullum
681 1515 766 1544 non
800 1502 946 1543 Sibiriae
988 1504 1103 1544 clima
1129 1502 1232 1544 ferat
1259 1504 1358 1546 Mus
1386 1505 1626 1559 amphibius‚
1654 1519 1725 1549 ve-

185 1576 425 1618 rofimillime
463 1577 580 1615 etiam
614 1576 654 1614 in
687 1574 911 1616 American]
946 1574 1231 1623 transfretavit3
1277 1577 1483 1628 videoque
1523 1579 1562 1618 in
1605 1578 1726 1620 Caro-

186 1649 267 1688 lina
303 1661 324 1688 a
359 1645 520 1688 Castore
555 1645 758 1685 moschato
796 1645 990 1685 distinetas
1027 1647 1122 1686 duas
1156 1645 1236 1686 dari
1269 1647 1478 1687 Rattorum
1525 1652 1727 1701 aquatico-

186 1731 271 1758 rum
319 1718 472 1769 species
505 1714 579 1768 ¹³),
641 1727 805 1767 quarum
863 1716 987 1756 saltim
1043 1729 1159 1756 unani
1227 1718 1295 1758 vix
1355 1718 1521 1759 dubitari
1578 1718 1736 1771 poterit

186 1791 289 1830 hane
334 1787 454 1840 ipsam
505 1785 597 1826 effe.
645 1812 695 1819 --
741 1786 965 1839 Quousque
1012 1786 1060 1826 ad
1097 1786 1277 1828 australes
1329 1791 1512 1841 regiones
1560 1801 1726 1843 evagata

187 1860 254 1908 sit,
310 1861 510 1913 ignoratur
555 1857 707 1906 adhuc,
759 1858 859 1898 intra
893 1857 1091 1899 Rufficum
1121 1857 1336 1911 Imperium
1367 1861 1510 1901 limites
1547 1875 1631 1904 non
1666 1864 1724 1903 in-

186 1939 314 1971 venit.

230 2080 263 2122 η)
279 2080 304 2114 Ῐ.
322 2092 341 2111 13
352 2092 375 2112 R
384 2091 399 2112 1
407 2090 424 2111 c
435 2090 458 2112 1<
467 2089 488 2111 E
499 2091 518 2111 L
527 2091 547 2111 L
562 2080 691 2112 natural
702 2077 763 2120 hist.
776 2077 934 2122 ofNorth-
981 2075 1147 2122 ,Jcommon
1157 2079 1321 2114 Houserat.
1348 2080 1411 2114 Itis
1428 2093 1444 2113 a
1455 2092 1532 2124 very
1541 2082 1727 2116 destruetive

188 2130 330 2161 Carolina
338 2143 368 2171 p.
381 2142 440 2169 ¹30-
451 2131 606 2171 postquam
617 2133 654 2162 de
664 2131 787 2162 Castore
797 2131 932 2162 moscha-
978 2116 1274 2169 „and‘mischievous
1285 2133 1405 2170 nnirrxal,
1428 2133 1592 2175 especially
1609 2141 1641 2165 to
1651 2144 1726 2175 corn

185 2185 236 2218 to(
249 2181 332 2222 Mus}
348 2179 419 2222 rat)
431 2183 612 2221 cgim‘sl‘he
624 2182 781 2218 nilmsnrat,
792 2181 822 2212 so
831 2182 930 2214 called
979 2182 1033 2220 »ἃ
1047 2183 1085 2213 all
1102 2193 1229 2214 manner
1245 2186 1282 2215 of
1295 2184 1372 2215 fruit
1392 2208 1441 2214 .-.
1457 2184 1613 2225 porroque
1629 2186 1725 2216 addit:

186 2231 288 2270 „from
300 2232 559 2271 frequentingrhe
570 2233 716 2275 marshes„
734 2232 838 2264 differs
848 2233 929 2265 froin
979 2233 1070 2271 „The
1085 2233 1245 2265 water-rat
1264 2236 1290 2266 is
1313 2235 1413 2268 found
1428 2234 1504 2267 here
1521 2235 1576 2268 the
1594 2235 1674 2270 same
1691 2245 1724 2268 as

185 2282 261 2321 „the
278 2282 391 2312 foi-mer
402 2304 409 2318 ,
421 2282 514 2321 being
533 2284 589 2313 less
606 2286 664 2314 and
680 2284 740 2315 ofa
756 2284 865 2315 darker
879 2295 929 2315 co·
977 2285 1031 2323 „in
1042 2284 1222 2327 Englund.„
1239 2309 1289 2317 .....
1567 2278 1573 2279 ἶ

184 2333 285 2371 ‚‚lour,
297 2335 352 2365 but
362 2333 386 2364 Is
396 2343 480 2364 more
491 2333 580 2375 bairy
595 2335 652 2365 aud
666 2335 769 2375 larger
783 2335 857 2366 than
874 2335 929 2366 the
