2032 2630
457 191 523 226 DE
568 189 773 226 GENERE
822 189 1024 227 MVRIN'O
1069 189 1121 223 IN
1144 187 1472 225 VNIVERSVM.
1679 197 1726 235 73

346 287 393 332 In
426 284 603 350 prima,
650 298 814 344 propter
850 289 1154 331 eminentiorem
1188 288 1359 338 molem,
1388 280 1622 348 phalange
1657 298 1730 327 no-

188 360 248 402 bis
278 369 394 402 erunt
432 355 598 406 Mares
630 355 776 421 alpini
795 354 888 422 fia
926 354 1183 405 Marmotae
1213 369 1314 404 cam
1351 351 1571 418 affinibus.
1659 357 1728 398 Eae

188 439 278 473 toto
304 432 469 488 habitu,
507 445 675 486 corpore
703 433 822 485 magis
852 429 996 481 crasse,
1035 432 1165 482 capite
1193 431 1348 484 grandi,
1386 430 1531 484 gibbo,
1569 430 1729 480 obtuso,

189 504 346 545 auribus
377 505 537 545 minutis
563 506 633 545 vel
667 505 805 552 nullis,
844 502 1029 543 dentibus
1058 501 1329 554 grandioribus
1355 514 1439 542 non
1464 498 1571 541 bene
1602 501 1729 550 tectis,

189 571 325 615 'caudae
348 576 542 617 brevitate
571 575 610 616 &
637 574 872 623 villositate,
909 574 1071 614 internis
1097 573 1272 625 denique
1299 572 1609 622 charaeteribus‚
1634 585 1730 625 prae-

189 645 321 696 sertim
349 659 462 687 coeco
497 648 703 698 ampliato,
760 645 799 685 &
823 644 1080 697 genitalibus,
1125 653 1236 684 tanto
1271 643 1459 685 differunt
1494 658 1514 684 a
1543 644 1730 696 frequen-

190 718 292 758 tiore
319 717 500 758 Murium
526 717 663 758 habitu
692 716 730 756 δε
755 715 805 756 ad
841 714 1024 755 Castores
1061 727 1173 768 paene
1210 717 1431 765 accedunt,
1474 723 1519 756 ut
1550 714 1730 768 singulari

189 800 338 842 genere
369 787 552 830 constitui
577 786 756 840 poss'ent,
803 786 876 827 nist
909 786 1140 839 insigniores
1171 785 1353 827 deessent
1388 785 1654 836 marmores,
1693 787 1730 826 δε

189 860 264 900 alia
287 860 460 913 phalanx
488 859 731 913 quarundam
754 859 974 911 specierum
1009 858 1145 899 habitu
1177 860 1359 900 nimirum
1395 858 1444 897 ad
1473 859 1540 898 has
1565 859 1732 899 accede-

188 940 261 971 ret.
336 931 601 974 Conveniunt
625 933 728 973 inter
755 931 819 981 se,
856 931 938 971 vita
968 929 1105 971 diurna
1133 931 1170 971 &
1196 930 1339 984 sopore
1366 930 1573 982 hyberno,
1610 941 1730 978 voce,

187 1003 378 1045 moribus.

354 1080 558 1130 Secunda
576 1078 786 1146 phalanx
814 1085 1038 1126 continebit
1082 1078 1249 1128 Mares
1269 1076 1621 1145 stater-raneos,
1667 1097 1731 1124 ca.

191 1158 283 1209 pitis
299 1158 407 1198 mole
431 1156 607 1210 &figura
626 1158 674 1197 ad
689 1155 911 1198 Marmotas
927 1156 1189 1206 accedentes,
1208 1157 1275 1208 qui
1292 1155 1477 1196 dentibus
1497 1157 1733 1208 primoribus

190 1230 389 1278 maximis,
425 1230 533 1278 latis,
572 1228 803 1278 denudatis,
840 1228 953 1279 supra
976 1226 1157 1278 infraque
1185 1228 1223 1266 in
1248 1238 1423 1267 cuneum
1451 1228 1621 1276 arcuatis,
1666 1239 1731 1266 au-

189 1301 288 1340 rium
317 1298 501 1349 defenfm,
538 1300 676 1351 palmis
710 1297 1182 1351 pleniustpentadaehslis
1206 1296 1397 1351 foffoffls,
1435 1298 1560 1338 cauda
1586 1298 1733 1338 brevis-

189 1370 284 1411 fima
317 1371 387 1411 vel
413 1371 543 1420 nulla,
581 1372 620 1410 &
643 1382 755 1410 more
793 1370 985 1420 tandem,
1033 1370 1134 1410 inter
1170 1369 1209 1410 se
1247 1371 1527 1418 conveniunt3
1581 1370 1730 1422 hyeme

190 1454 315 1493 vero,
351 1442 476 1482 saltim
511 1454 594 1483 non
621 1451 727 1491 tota,
764 1450 949 1496 torpent,
985 1441 1055 1482 sed
1084 1442 1279 1493 colligunt
1315 1453 1386 1492 pro
1420 1454 1530 1493 penu
1566 1441 1729 1483 radices.

355 1523 445 1566 Hos
471 1523 700 1565 immediate
724 1524 900 1576 sequitur
915 1517 1128 1583 phalanx
1162 1518 1377 1567 Mariam
1422 1518 1731 1569 Cunicularia-

181 1604 292 1641 *Tum
315 1596 561 1649 brachyura,
599 1595 874 1651 grandiusculo
897 1595 967 1636 sed
987 1596 1111 1635 aurito
1139 1596 1293 1646 capite,
1333 1595 1517 1636 dentibus
1545 1597 1729 1648 pedibus-

184 1669 272 1719 'que
299 1669 473 1721 parvulis
499 1667 703 1716 instrut‘ta3
741 1669 808 1721 qui
843 1676 927 1707 tota
951 1667 1101 1719 hyeme
1128 1675 1342 1720 vagantur,
1378 1669 1447 1707 vel
1477 1666 1664 1720 congesta
1691 1669 1730 1707 in

190 1739 362 1781 latibulis
384 1752 496 1793 penu
520 1741 688 1789 vivunt,
725 1751 978 1791 quorumque
1004 1738 1138 1789 plures
1161 1738 1386 1791 migratorii.
1476 1737 1540 1777 Ex
1574 1739 1632 1778 his
1665 1741 1731 1779 ali-

191 1811 282 1862 qui,
324 1812 536 1863 praesertim
565 1809 630 1850 M.
649 1810 838 1851 Lemmus
868 1809 905 1850 &
933 1809 1053 1849 affinis
1080 1807 1257 1860 ejusdem
1292 1808 1357 1848 M.
1385 1817 1608 1861 torquatus,
1648 1811 1730 1861 pal-

188 1882 261 1922 mis
317 1881 606 1933 pentadaetylis
649 1880 819 1923 fossoriis
876 1882 1095 1934 habituque
1135 1881 1300 1933 propius
1342 1880 1391 1920 ad
1434 1881 1731 1932 praecedentem

188 1953 427 2007 phalangem
461 1952 672 1994 accedunt.

357 2030 549 2097 Quarta
573 2029 788 2095 phalanx
836 2036 1002 2076 habebit
1046 2031 1331 2087 Cricetaram
1375 2035 1508 2076 affines
1550 2036 1727 2087 species,

190 2103 334 2147 'omnes
369 2106 565 2147 brevitate
598 2109 797 2159 corporis,
835 2117 987 2149 artuum
1029 2118 1146 2159 atque
1182 2107 1338 2163 caudae,
1401 2116 1537 2161 arguto
1574 2110 1727 2160 capite,

191 2177 330 2217 buccis
359 2179 545 2230 utrinque
583 2177 773 2229 saccatis,
826 2181 1102 2233 promptuariis
1146 2179 1185 2220 &
1226 2180 1310 2220 vita
1356 2179 1425 2221 vix
1465 2178 1537 2219 nisi
1574 2179 1726 2221 summo

189 2246 338 2304 frigore
372 2247 591 2304 suppreffa,
629 2249 909 2305 conspirantes.

969 2334 1066 2375 Ka
