2032 2630
915 364 951 403 D

246 454 879 542 GENERE
979 364 1674 541 EMVRINO

553 581 670 631 IN
739 577 1367 644 VNJVERSVVM,

359 776 486 818 percipe
507 771 681 814 multigenis
700 779 792 812 quam
810 770 871 809 sint
899 771 1027 802 variata
1039 769 1160 811 figuris
1173 790 1225 798 ..-.
1246 767 1369 801 Lucret.
1383 767 1464 805 1:11.
1481 778 1554 811 335.

189 956 405 1071 Audivi
436 993 544 1034 viros
568 993 608 1034 in
639 991 798 1033 historia
830 992 996 1032 naturali
1027 1002 1111 1031 non
1142 989 1405 1042 spernendam
1439 988 1583 1031 famam
1619 989 1730 1031 adse..

325 1073 465 1112 curos,
504 1065 572 1114 qui
603 1063 736 1103 nostro
772 1075 860 1102 aevo
895 1062 1088 1111 credunt,
1134 1061 1257 1102 saltim
1295 1062 1428 1114 quoad
1456 1061 1728 1114 quadrupeda,

189 1132 356 1174 Naturae
395 1134 550 1175 divitias
581 1134 878 1174 observatorum
912 1145 1079 1174 numero
1112 1145 1226 1184 paene
1262 1132 1466 1173 exhaustas
1505 1134 1580 1172 iam
1632 1130 1727 1173 effe.

191 1203 282 1244 Hos
313 1206 434 1245 unico
471 1200 648 1249 murino
677 1214 841 1266 genere
874 1205 1064 1245 convinci
1099 1202 1211 1255 posse
1245 1214 1345 1257 puto
1364 1233 1376 1253 ‚
1425 1204 1549 1244 multa
1592 1205 1728 1244 etiam-

190 1287 287 1316 num
310 1276 414 1315 inter
440 1274 631 1315 terrestria
659 1287 824 1326 quoque
855 1276 1035 1315 animalia
1058 1276 1194 1315 latere.
1267 1274 1308 1314 Si
1333 1276 1438 1315 enim
1465 1276 1583 1316 unica
1600 1274 1729 1315 Russia

189 1356 309 1398 atque
341 1347 573 1386 inclementi
599 1346 668 1386 sub
714 1347 816 1386 coelo
845 1347 974 1399 rigens
1000 1344 1160 1396 Sibiria,
1187 1355 1250 1386 tot
1274 1347 1315 1385 in
1348 1347 1470 1388 unico
1505 1345 1576 1386 isto
1604 1358 1727 1399 gene-

181 1430 232 1465 'te
261 1417 413 1469 species
434 1447 446 1465 ,
500 1426 600 1469 quot
639 1416 893 1458 illustraturus
926 1417 992 1457 hic
1023 1417 1127 1466 sum,
1183 1427 1298 1457 certae
1329 1419 1538 1469 plerasque
1572 1418 1728 1470 regioni

186 1487 359 1529 addictas
402 1488 690 1541 suppeditavit,
727 1500 824 1540 quas
858 1497 975 1528 antea
1008 1500 1129 1529 nemo
1165 1488 1377 1543 adtigerat‚
1415 1498 1607 1540 quotnam
1631 1501 1730 1530 con-

189 1558 437 1603 cludendum
472 1558 530 1599 est
565 1572 639 1611 per
671 1558 897 1600 feliciorem
936 1552 1068 1599 Asiam
1088 1590 1100 1611 ‚
1152 1572 1226 1612 per
1266 1558 1508 1600 vastiffimam
1543 1560 1583 1600 δε
1614 1561 1726 1612 igno-

189 1640 270 1672 tam
308 1631 560 1672 interioribus
597 1629 805 1680 Africam,
850 1631 1078 1671 Americam
1115 1630 1318 1682 duplicem
1362 1629 1534 1685 (unde,
1583 1632 1725 1673 demtis

188 1700 345 1750 Caviis,
380 1703 451 1742 vix
483 1703 641 1743 unicam
676 1700 852 1753 speciem
886 1702 1095 1754 hucusque
1121 1703 1195 1743 rite
1220 1701 1455 1753 descriptam
1484 1700 1724 1756 habemus),

186 1783 388 1824 terrasque
427 1772 497 1813 sub
537 1771 665 1814 austro
697 1771 816 1823 ficas,
860 1773 1096 1813 animalcula
1135 1770 1362 1826 produxisse
1401 1772 1625 1822 Naturam,
1680 1783 1725 1815 ut

185 1843 356 1885 ferarum
389 1844 533 1885 minori
575 1844 698 1885 turbae
742 1845 973 1885 alimentum
1003 1842 1104 1884 effet
1134 1852 1324 1896 paratum.
1396 1843 1620 1897 Hucusque
1656 1846 1724 1887 vix

184 1927 304 1957 unam
335 1913 376 1954 &
407 1916 569 1956 alteram
606 1916 805 1956 exoticam
833 1915 1151 1969 peregrinatores
1178 1925 1560 1965 commemorarunt,
1597 1929 1724 1968 quum

186 1986 306 2039 pauci
335 1994 507 2026 remotas
542 1986 680 2027 mundi
711 1987 845 2040 plagas
879 1987 1068 2036 adierint,
1106 1988 1175 2038 qui
1206 1995 1372 2039 propter
1399 1988 1634 2039 parvitatem
1653 1987 1722 2028 de-

188 2053 321 2109 specta
364 2057 598 2098 animalcula
638 2058 860 2098 attentione
898 2059 1016 2111 digna
1048 2058 1292 2107 censerent,
1346 2060 1416 2099 vel
1451 2071 1523 2110 pro
1563 2058 1720 2101 Museis

187 2125 454 2174 asservarent3
514 2137 822 2180 praetereaquam
864 2128 977 2181 quod
1017 2138 1183 2182 propter
1224 2129 1521 2172 subterraneum
1567 2140 1609 2171 et
1644 2144 1721 2172 no..

186 2197 368 2239 {turnum
402 2199 494 2238 vitae
533 2210 660 2252 genus
705 2199 848 2242 eadem
879 2202 1020 2251 rarius,
1068 2202 1150 2242 aliis
1187 2201 1307 2254 magis
1339 2202 1508 2254 publicis
1544 2215 1719 2254 occupa-

185 2277 253 2320 to,
289 2269 452 2311 obviam
481 2268 596 2312 fiunt.
667 2269 858 2326 Mihique
893 2271 964 2324 ipsi
994 2270 1292 2326 inexpectatum
1325 2271 1401 2315 fuit
1433 2273 1536 2314 adeo
1571 2276 1717 2315 variam

937 2342 978 2385 K
