2032 2630
312 207 384 248 ,η
844 192 1003 230 anvs
1057 178 1366 228 vAaiAmms.

334 289 459 331 exilis.
530 282 700 329 Labium
724 284 900 338 superius
928 283 977 326 ad
1002 282 1172 326 fiffuram
1198 292 1241 325 et
1265 283 1430 339 angulus
1455 285 1535 328 nafi
1550 281 1690 343 ,canis
1717 287 1874 332 exilitei

331 359 467 413 sparsa.
542 352 699 403 Aures
731 357 816 409 pilo
851 357 944 396 hinc
978 356 1072 397 inde
1107 356 1198 398 albo
1233 357 1274 397 in
1308 357 1507 400 exteriore
1531 360 1706 413 margine
1739 359 1878 402 versus

330 430 441 470 basin
478 439 519 470 et
551 431 592 470 in
625 428 760 469 medio
795 428 976 480 marginis
1011 427 1231 478 interioris,
1277 428 1390 480 apice
1425 440 1525 471 vero
1556 431 1641 483 pilo
1674 432 1875 472 teneriore

332 500 404 555 (ut
428 501 553 553 vulgo
581 497 685 552 est),
723 498 830 551 quasi
855 499 1038 539 velutino
1066 508 1106 538 et
1132 499 1315 538 aterrimo
1347 497 1546 544 distinctae.
1634 496 1875 560 Mysttlcc’s

330 573 572 622 teneriores,
617 583 735 622 quam
769 571 808 610 in
844 571 1035 610 varietate
1060 568 1230 621 Leporis
1263 568 1441 610 nostratis
1473 571 1663 625 hybrida,
1700 574 1765 614 cui
1791 574 1878 613 vel-

330 646 391 684 lus
419 643 567 693 hyeme
594 640 874 694 semigryseum
901 638 980 686 esse
1008 641 1099 682 dixi.
1207 640 1283 681 Per
1316 642 1438 680 latera
1471 655 1637 695 quoque
1672 653 1720 683 et-
1749 645 1790 684 in
1817 655 1879 684 re-

330 716 451 766 gione
476 713 687 754 scrobicuii
710 712 839 764 pasfim
869 714 971 764 pilus
998 712 1107 752 albus
1135 712 1405 763 intermixtus,
1443 722 1482 752 at
1515 715 1556 753 in
1584 724 1672 755 toto
1702 726 1876 766 corpore

331 778 616 844 consistentia
649 777 832 827 velleris
870 785 997 824 minus
1039 783 1192 833 mollis,
1248 795 1366 835 quam
1403 784 1444 823 in
1483 784 1709 837 Leporibus
1751 786 1874 835 albis-5

331 856 443 907 quod
474 857 515 895 in
551 855 734 895 omnibus
768 855 939 906 pellibus
975 855 1091 908 nigris
1128 854 1273 906 pariter
1303 854 1488 899 observo,
1562 851 1755 918 Lamtgo
1787 857 1873 899 ubi·

291 971 295 976 ,
330 939 410 978 que
435 926 504 966 sub
532 927 615 977 pilo
637 927 771 966 ¹latens
797 938 819 966 e
844 924 956 966 fusco
993 927 1061 966 vcl
1092 926 1310 978 nigricante
1345 926 1537 977 canescit,
1584 927 1718 968 versus
1753 929 1878 969 cutim

330 997 469 1038 sensim
497 997 741 1043 albicantior.
844 990 984 1040 Solea?
1015 995 1167 1047 pedum.
1201 997 1329 1036 lanam
1361 997 1526 1038 fiolidam
1558 999 1743 1050 crispam,
1788 1011 1880 1052 gry-

328 1067 632 1108 seo-cineream
653 1067 856 1107 servarunt
901 1065 1039 1119 (quod
1071 1067 1111 1121 in
1141 1065 1347 1107 Cuniculis
1382 1080 1547 1120 quoque
1579 1070 1760 1112 cicuratis
1788 1072 1882 1111 atris

332 1135 601 1189 observatur).
675 1131 824 1181 Irides
847 1137 1057 1177 oculorum
1085 1135 1201 1177 fuere
1235 1136 1402 1178 obscure
1439 1137 1574 1180 fulvae.

435 1231 606 1283 Leporis
633 1231 827 1271 variabilis
861 1231 980 1269 catuli
1010 1242 1213 1280 nunquam
1240 1231 1327 1271 alba
1355 1232 1395 1270 in
1420 1229 1554 1272 fronte
1585 1241 1702 1283 nota,
1740 1234 1779 1274 in
1809 1234 1880 1274 eu-'

331 1305 471 1355 ropaeis
506 1303 608 1343 adeo
642 1300 876 1352 frequenter
909 1300 1156 1341 observanda
1185 1300 1456 1353 insigniuntur.
1554 1302 1707 1344 Eadem
1744 1292 1877 1345 tamen

333 1384 429 1416 nota
465 1375 505 1413 in
540 1362 764 1425 Leporibus
798 1371 1039 1413 desertorum
1076 1374 1245 1412 maxime
1280 1371 1521 1424 australium,
1577 1376 1644 1425 qui
1679 1374 1727 1414 ad
1761 1388 1876 1416 euro-

333 1458 456 1498 paeam
485 1444 659 1495 speciem
687 1445 911 1494 pertinent,
949 1445 1052 1484 circa
1077 1443 1360 1496 Orenburgum
1396 1456 1436 1483 V.
1456 1456 1510 1496 gr.
1549 1455 1590 1486 et
1623 1447 1672 1486 ad
1700 1445 1878 1500 Volgam

336 1515 578 1556 observatur.
653 1513 768 1554 Circa
791 1513 1086 1554 Astrachaniam
1116 1527 1280 1566 quoque
1314 1525 1450 1566 captus
1483 1515 1559 1556 fuit
1589 1515 1733 1569 Lepus„
1761 1516 1877 1559 offeis

335 1587 456 1627 cranii
491 1583 768 1626 excrescentiis
803 1577 1035 1625 difformiter
1076 1594 1297 1634 cornutus,
1351 1588 1469 1637 quale
1510 1588 1605 1639 quid
1644 1588 1685 1627 in
1725 1589 1879 1640 reliqua

335 1654 464 1698 Ruffia
490 1665 531 1695 et
557 1655 694 1695 Sibiria
720 1667 922 1707 nunquam
951 1655 1124 1696 auditum
1155 1655 1233 1706 est,
1280 1655 1465 1708 adeoque
1490 1658 1531 1697 in
1559 1658 1721 1709 Lepore
1756 1661 1879 1700 varia-

332 1728 425 1776 bili,
480 1739 601 1778 quem
636 1735 801 1777 propter
836 1727 965 1776 pelles
1002 1727 1276 1767 innumerabili
1310 1729 1427 1779 copia
1466 1729 1620 1783 laqueis·
1656 1739 1877 1782 venantur,

332 1798 437 1838 sorte
460 1811 545 1838 non
570 1798 733 1846 accidit,
783 1805 825 1837 ut
857 1806 995 1836 contra
1023 1798 1124 1836 inter
1154 1782 1360 1850 europaeos
1391 1802 1574 1851 exempla
1599 1801 1712 1841 nimis
1738 1814 1877 1843 nume-

333 1868 440 1918 rosa,
478 1880 595 1919 quam
621 1876 665 1908 ut
692 1868 732 1907 in
762 1867 925 1908 dubium
947 1870 1128 1908 revocari
1153 1879 1303 1919 queant
1319 1866 1387 1921 ²⁴),
1425 1870 1623 1910 observari
1657 1873 1773 1911 etiam
1805 1871 1878 1912 foe-

336 1941 450 1979 minis
488 1939 649 1979 docent.

381 2029 416 2064 ²)
463 2027 618 2067 Leporum
655 2031 783 2057 cornuta
821 2026 922 2056 crania
962 2027 1080 2067 primus
1131 2036 1153 2056 n
1164 2036 1184 2057 v
1196 2037 1210 2056 s
1240 2027 1442 2059 definearunt.
1506 2028 1640 2060 Plurima
1665 2030 1806 2072 exempia
1831 2031 1877 2062 Ia.

338 2087 360 2109 G
372 2087 392 2107 Ε
402 2087 418 2108 s
428 2088 449 2108 N
465 2088 482 2108 E
494 2088 514 2107 n
525 2088 545 2108 v
555 2087 573 2108 s
609 2087 647 2108 ex
679 2077 820 2108 iconibus
847 2088 864 2107 a
892 2076 1080 2108 Kentmanno
1130 2078 1252 2108 boriose
1278 2079 1410 2119 collegit
1442 2088 1461 2109 Ρ
1472 2088 1491 2108 Α
1504 2089 1525 2110 v
1535 2090 1576 2110 LI
1586 2090 1608 2110 N
1622 2090 1640 2110 v
1653 2091 1669 2111 s
1711 2081 1742 2112 in
1770 2081 1876 2122 Lago·

337 2129 572 2159 communicatis
616 2128 768 2158 recensuit
824 2126 881 2167 [de
917 2127 1079 2168 Quadrup.
1128 2127 1265 2168 graphia
1300 2129 1376 2160 Seff.
1389 2141 1411 2160 t.
1443 2139 1499 2169 cap
1514 2138 1546 2168 3.
1598 2137 1630 2161 et
1651 2132 1750 2172 aliqua
1772 2142 1876 2164 recen-

335 2189 365 2219 ρ,
377 2179 474 2218 634).
525 2178 678 2217 Leporina
695 2188 808 2208 cornua
826 2178 919 2209 habet
942 2177 1079 2215 Musemn
1131 2179 1210 2209 tiora
1237 2180 1313 2210 citat
1339 2179 1462 2221 amictff
1489 2190 1546 2210 MA
1560 2192 1581 2212 R
1593 2192 1614 2213 ’r
1626 2193 1696 2213 [Νῐ
1726 2182 1758 2213 in
1788 2183 1873 2214 notis

335 2229 547 2260 Beslarianum
566 2239 587 2268 p
607 2234 651 2266 33
685 2228 739 2269 seq.
768 2229 830 2259 tab.
840 2239 882 2260 10.
934 2234 966 2258 et
991 2239 1001 2257 ¹
1013 2239 1080 2258 υΝ-
1130 2231 1167 2260 ad
1195 2239 1210 2258 Β
1225 2240 1246 2260 ν
1258 2241 1275 2260 ι·-
1287 2241 1304 2261 F
1316 2241 1337 2260 o
1348 2240 1378 2262 N.
1405 2240 1547 2271 german.
1583 2232 1723 2266 VoAllI.
1754 2243 1786 2274 p.
1802 2239 1872 2274 158.

341 2287 532 2321 srouvs,
574 2287 823 2316 KLEiuivs,
867 2288 1077 2310 luemus.-
1129 2284 1226 2312 not.s.
1253 2287 1362 2322 μηδ’.
