1948 2630
172 155 242 186 110
518 115 796 181 Aiaci-omiss
837 132 1128 180 MARMOTAE
1169 142 1388 178 Ari-mis.

171 247 386 288 tinaculum
419 252 636 297 aperturam
678 243 900 297 impediens
930 241 1077 294 rejicit,
1116 254 1198 294 quo
1235 242 1399 283 liberata
1433 240 1536 283 trabs
1565 241 1711 293 perin-

173 317 334 357 cisuram
382 316 519 355 incidit
572 323 691 366 atque
742 314 897 355 animali
941 314 978 353 in
1016 314 1151 367 ligneo
1195 313 1294 354 tubo
1343 302 1508 354 haerenti
1554 313 1712 353 lumbos

170 386 324 441 frangit.
388 386 511 427 Hunc
549 395 777 439 apparatum
815 387 854 425 in
894 385 1016 423 leone
1062 383 1194 424 nostra
1231 377 1380 443 (Tul).
1409 376 1497 441 V.)
1544 384 1710 436 exprimi

171 462 318 498 curavi.
394 455 469 498 His
506 459 557 497 ita
595 457 764 510 copiosae
802 458 1011 508 capiuntur
1047 455 1310 507 Ατξὶοῐῃγες,
1347 465 1391 494 ut
1437 457 1617 506 adipem,
1663 455 1712 494 ad

170 531 278 569 coria
314 528 556 570 emollienda
591 539 839 581 unguentum
877 526 1241 580 praestantiffimum,
1286 526 1437 566 duabus
1475 525 1632 567 hastulis
1670 526 1710 564 in

169 599 350 650 Libram,
388 600 425 640 &
462 602 590 652 pelles
630 610 649 651 5
688 601 757 640 vel
794 601 820 639 6
857 598 1036 652 hastulis,
1074 600 1241 651 optimas
1278 597 1545 650 nigrescentes
1584 602 1605 641 8
1642 599 1710 636 vel

171 672 305 721 denis,
329 672 568 713 venditent.
643 671 922 712 Comeduntur
961 672 1078 710 etiam
1115 682 1274 718 carnes,
1311 681 1394 708 non
1424 669 1547 710 solum
1577 682 1597 708 a
1623 667 1711 707 Cal-

171 746 343 793 muoeis,
381 743 448 784 sed
481 756 502 782 a
530 743 713 783 Cosaccis
742 744 857 783 etiam
895 741 933 781 &
968 739 1278 781 Malorossorum
1312 741 1447 792 plebe.
1539 739 1593 778 Et
1627 738 1708 790 ipse

175 825 361 866 expertus
403 815 505 863 sum,
551 816 788 866 notavitque
835 824 1345 861 MESSERscHMlnlvs,
1390 810 1521 851 cottas
1567 811 1712 862 pariter

173 885 212 926 δε
247 884 378 926 ass'atas
413 886 497 925 saris
535 885 684 936 sapidas
720 883 821 934 esse,
858 885 1065 936 praesertim
1104 896 1190 936 quae
1226 895 1309 922 non
1347 884 1466 922 nimia
1501 881 1712 934 pinguedi-

164 968 245 1005 ne,
284 969 400 1007 quam
436 956 581 996 flavam
617 957 790 1005 habent,
828 954 983 994 fracidae
1021 955 1181 994 fuerint.
1271 953 1424 1005 Utique
1470 952 1582 1005 gustu
1619 965 1712 1003 pro-

171 1029 275 1068 xime
315 1026 363 1066 ad
400 1027 580 1079 Lepores
619 1028 839 1075 accedunt,
888 1038 1057 1076 quorum
1101 1008 1266 1065 externe
1311 1037 1476 1074 quoque
1516 1025 1712 1063 hircinum

165 1100 341 1139 -odorem
378 1099 462 1138 fere
502 1100 742 1138 aemulantur.
819 1096 1022 1137 Calmucci
1057 1095 1322 1150 pinguissimos
1357 1096 1396 1133 in
1429 1095 1605 1143 deliciis,
1644 1095 1713 1134 im-

168 1183 237 1209 -mo
274 1169 358 1210 fere
393 1183 465 1221 pro
505 1171 701 1209 medicina
731 1169 893 1208 habent.
970 1167 1120 1207 Contra
1153 1167 1283 1206 Tatari
1313 1165 1593 1206 Mahom‘etani
1629 1177 1712 1205 non

172 1239 298 1282 solum
334 1255 355 1281 a
388 1253 502 1281 carne
538 1240 754 1289 abstinent,
800 1239 869 1279 sed
905 1240 1020 1279 etiam
1065 1238 1237 1290 hospitio
1268 1236 1508 1288 Aretomyes
1553 1237 1712 1286 colunt,

172 1314 282 1352 unde
326 1314 366 1351 in
409 1313 608 1361 collibus,
663 1313 730 1362 qui
774 1311 862 1351 sunt
906 1312 946 1350 in
991 1311 1136 1350 vicinia
1182 1321 1373 1360 pagorum
1416 1307 1711 1355 Tarm-icormn,

168 1385 442 1434 maximopere
480 1384 803 1434 multiplicantur.
884 1381 1050 1422 Habent
1088 1381 1193 1419 enim
1230 1380 1415 1418 viciniam
1454 1379 1595 1418 horum
1634 1379 1713 1417 ani-

171 1456 330 1494 malium
368 1456 470 1493 inter
506 1455 664 1506 auguria
699 1452 932 1501 felicissima,
970 1454 1153 1502 interque
1189 1459 1356 1502 peccata
1393 1458 1623 1499 numerant„
1669 1459 1714 1488 ut

173 1523 455 1565 Hirundinem*
479 1527 547 1564 vel
585 1524 846 1572 Columbam‚
883 1523 935 1562 sic
973 1523 1011 1574 δι
1047 1521 1285 1572 Aretomyes
1323 1520 1542 1567 occidere3
1589 1532 1713 1570 quum

174 1608 311 1638 contra
349 1596 470 1636 Citilli
507 1597 609 1636 circa
647 1595 808 1635 domum
845 1595 1069 1635 nidulantes
1095 1592 1233 1633 iisdem
1266 1605 1340 1644 pro
1367 1590 1586 1631 detestabili
1615 1591 1711 1630 omi-

173 1680 226 1708 ne
265 1668 494 1707 habeantur.
567 1667 718 1714 Iakuti,
754 1666 910 1705 Koraeci
948 1665 986 1705 δε
1022 1664 1125 1705 Ruffi
1164 1662 1407 1703 australiores
1443 1662 1615 1713 pellibus
1638 1661 1711 1700 Arss

176 1739 377 1790 (ftomyum
422 1737 656 1789 frequenter
701 1738 741 1776 in
786 1736 1031 1777 vestimentis
1059 1744 1244 1784 utuntur,
1281 1733 1541 1774 robustiffimis
1570 1734 1711 1785 pilum-

176 1823 255 1862 que
282 1810 474 1850 tenaciter
498 1808 772 1849 retinentibus.
791 1835 843 1841 .-
861 1808 1058 1849 Omnibus
1084 1819 1183 1848 vero
1213 1807 1387 1857 partibus
1412 1804 1487 1846 suis
1509 1805 1602 1844 vilia
1625 1803 1712 1844 sunt

176 1881 215 1921 &
239 1880 422 1935 despecta
449 1882 637 1921 animalia.

1638 2332 1709 2360 DE-
