2032 2630
573 181 854 216 ARCTOMYS
878 181 1175 215 MARMOTAE
1201 158 1420 215 AFF1N1⁷S.
1681 192 1745 218 101

204 294 253 335 ga
286 275 434 332 ubique
455 273 693 331 'occupant,
731 281 954 332 iterumque
989 281 1087 319 intra
1112 278 1324 320 Rufforum
1357 277 1458 319 fines
1490 280 1592 318 circa
1619 278 1748 319 Alta'i'.

207 355 243 394 ci
279 353 360 405 jugi
392 353 685 406 promontoria,
731 351 780 391 ad
818 351 1027 391 Orientem
1058 351 1316 399 h·tis,fluvii‚
1353 351 1625 401 reperiuntur,
1662 363 1748 401 par-

206 425 333 464 ciores
359 425 525 476 primum
550 423 597 462 ad
626 422 781 479 Ubffln,
817 421 1112 475 frequentissimi
1131 423 1232 461 circa
1250 416 1422 462 Tom’um
1444 423 1482 461 in
1501 415 1755 462 Kusnecenff

204 496 382 548 regione.
456 494 573 534 Ultra
597 494 787 534 Ieniseam
823 494 979 542 denuo,
1018 493 1065 533 ad
1093 493 1296 532 Ba'icalem
1331 493 1477 544 usque,
1522 494 1619 532 intra
1647 492 1745 533 Sibi-

203 567 266 605 riae
294 551 506 615 terminos,
543 576 708 618 propter
742 564 937 616 sylvosam
972 565 1154 604 locorum
1183 573 1379 612 naturam,
1417 563 1524 604 haud
1552 551 1743 613 visuntur-3

203 636 273 678 sed
304 636 596 678 numerosissimi
632 637 721 677 sunt
757 637 797 676 in
831 632 1154 676 transba'i'kalensi
1189 635 1375 688 regione,
1428 636 1531 675 circa
1564 634 1744 690 Selengae

202 709 449 748 collaterales
474 707 643 757 fluvios,
681 709 720 745 in
751 707 914 757 planitie
941 706 1234 759 Bargusinenfi,
1272 705 1310 745 &
1349 706 1389 744 in
1423 705 1610 745 Davuriae
1642 719 1744 746 cam-

200 781 285 830 pis,
322 780 490 819 maxime
517 779 618 818 circa
646 778 854 830 Argunutn
880 777 919 815 fl.
948 777 985 816 δε
1011 777 1162 816 Lacum
1180 776 1326 826 Dalay.
1400 776 1602 816 Dicuntur
1627 779 1744 818 etiam

203 851 245 889 in
269 850 470 890 montibus
509 850 646 901 apricis
683 849 730 888 ad
758 847 932 897 Lenam,
977 849 1146 888 maxime
1180 859 1280 887 vero
1304 848 1357 900 ein
1389 846 1667 888 Kamtschatka
1696 841 1743 901 ᾗ)

201 921 293 962 dari.
401 921 583 972 Apparet
612 922 652 960 in
689 919 915 960 universum
953 919 1056 959 hanc
1090 919 1265 970 speciem
1306 919 1375 958 vix
1411 918 1534 971 usque
1573 918 1621 958 ad
1659 922 1735 971 55?

201 993 416 1033 latitudinis
448 993 618 1032 borealis
645 992 808 1037 vivere3
848 1000 984 1030 contra
1010 992 1049 1029 in
1076 989 1267 1030 montosis
1301 990 1497 1030 interioris
1533 989 1634 1029 Afiae
1661 992 1740 1031 late

200 1063 246 1102 ad
274 1062 441 1103 austrum
474 1062 671 1113 dispalati,
718 1075 739 1102 e
776 1063 962 1112 nomine,
1010 1074 1092 1112 quo
1125 1061 1315 1113 Tangutis
1356 1062 1444 1100 noti
1478 1060 1587 1112 sunt,
1635 1073 1740 1114 eque

199 1134 472 1174 Bucharorum
507 1133 545 1173 δε
581 1132 802 1173 Sinenfium
835 1133 1093 1173 relationibus
1127 1120 1259 1173 diclici.

339 1227 558 1268 Cuniculos
583 1226 744 1267 fodiunt
774 1225 1115 1277 profundiffimos,
1152 1226 1328 1278 ideoque
1361 1227 1402 1266 in
1427 1226 1631 1267 ficciffiniis
1657 1237 1741 1267 tan-

199 1302 284 1340 tuin
314 1300 483 1339 collibus
520 1299 694 1338 habitare
722 1296 895 1350 poffunt.
1004 1297 1140 1338 Plures
1170 1298 1295 1349 vulgo
1331 1297 1444 1337 simul
1483 1310 1741 1339 communem

198 1370 347 1409 aditum
385 1370 559 1419 habent,
607 1370 675 1420 qui
717 1369 888 1419 obliquis
927 1368 1097 1409 flexibus
1130 1369 1179 1409 ad
1216 1369 1337 1418 duas,
1381 1378 1491 1419 tres,
1548 1370 1737 1420 pluresve

195 1453 336 1493 orgyas
369 1442 408 1481 in
437 1439 682 1492 profundum
724 1440 881 1489 tendit,
936 1449 1101 1491 tumque
1137 1440 1177 1478 in
1210 1452 1362 1489 ramos,
1413 1439 1461 1480 ad
1495 1440 1738 1493 singulorum

194 1513 413 1552 incolarum
448 1512 585 1552 nidum
626 1509 1055 1561 ducentes,*finditu1·.
1130 1509 1239 1550 Hinc
1273 1512 1366 1561 inde
1404 1510 1584 1552 laterales
1619 1513 1736 1552 etiam

194 1585 342 1624 reditus
377 1584 415 1623 in
439 1584 571 1624 lucem
612 1592 863 1635 emergentes
901 1582 1171 1622 observantur.
1281 1581 1407 1622 Multi
1440 1592 1572 1623 tamen
1615 1584 1736 1624 unico

193 1656 318 1693 canali
352 1656 532 1694 contenti
564 1654 673 1703 sunt,
726 1653 835 1705 quod
869 1653 1078 1704 praesertim
1114 1653 1381 1694 Cosaccorum
1422 1654 1537 1694 dolus
1572 1655 1734 1704 probat,

191 1727 365 1765 nivalem
403 1737 542 1776 aquam
572 1736 621 1763 ex
647 1723 773 1761 altiori
802 1724 895 1760 loco
924 1723 962 1760 in
995 1725 1203 1761 cuniculos
1227 1723 1500 1772 dirigentium,
1539 1735 1619 1774 quo
1649 1726 1736 1763 nul-

188 1797 234 1835 lis
260 1796 484 1835 lateralibus
514 1794 686 1845 suffugiis
723 1793 965 1844 przeparatis‚
1005 1792 1150 1832 eodem
1186 1791 1285 1842 ostio
1328 1792 1486 1844 prodire
1524 1803 1732 1845 coguntur.

163 1867 428 1909 ‚Perfodiunt
455 1874 639 1905 caeterum
678 1876 760 1903 non
786 1863 910 1902 solum
939 1864 1104 1902 mollem
1140 1873 1304 1913 terram,
1337 1864 1404 1904 sed
1438 1865 1554 1903 etiam
1581 1865 1733 1916 lapido-

187 1937 226 1978 sa
258 1937 387 1984 firata3
428 1936 534 1977 unde
577 1936 624 1976 ad
652 1934 866 1974 Uralenses
896 1944 1054 1974 montes
1083 1933 1445 1975 metallifofforibus
1481 1934 1732 1985 famulantur,

190 2009 259 2059 qui
289 2009 391 2047 circa
426 2016 533 2048 antra
569 2019 706 2046 eorum
743 2006 884 2046 crebro
929 2004 1073 2046 indicia
1108 2018 1263 2057 cupreae
1301 2007 1489 2055 minerve,
1533 2007 1573 2045 in
1609 2005 1731 2047 stratis

189 2078 501 2119 horizontalibus
543 2078 734 2126 latentis,
791 2079 927 2128 legere
978 2077 1120 2117 solent.
1235 2076 1411 2129 Magnos
1468 2077 1592 2118 enim,
1622 2089 1731 2117 com-

188 2151 430 2191 minutorum
466 2148 670 2206 stratorum
704 2150 886 2189 cumulos
923 2158 1122 2202 egerunt,
1170 2157 1214 2189 ut
1239 2149 1452 2200 regiones,
1504 2148 1573 2189 ubi
1606 2148 1732 2193 abun,

243 2247 281 2287 ¹²)
335 2244 391 2281 1¹13
402 2259 424 2280 Α
436 2258 452 2279 s
463 2260 481 2280 c
491 2260 515 2279 H
528 2260 547 2279 E
558 2259 580 2279 N
594 2259 603 2278 ι
615 2259 638 2278 N
650 2259 662 2278 1
676 2258 698 2278 x
709 2258 730 2278 o
740 2259 760 2279 F
825 2247 931 2290 Descr.
982 2259 1002 2279 L
1012 2259 1034 2279 E
1044 2259 1066 2278 R
1115 2246 1237 2292 Besclzr.
1288 2248 1316 2279 di
1325 2258 1344 2279 ν
1393 2247 1520 2294 Lff'fflr.
1571 2246 1730 2292 Kamtsclz.

182 2299 342 2347 Kamtsch.
364 2300 423 2333 Ed.
446 2300 648 2346 russ.vel.ll.
665 2305 776 2341 p.218,
806 2309 929 2331 STEL-
977 2311 1008 2341 p.
1025 2299 1091 2332 126.
1434 2301 1435 2304 ’
