2032 2630
810 216 913 253 MVS
961 216 1209 254 clTILLVS.
1706 230 1771 265 131

240 318 278 360 δι
315 319 469 358 oriente
504 315 592 357 fere
625 315 708 357 sole
741 317 856 356 antris
904 326 1075 366 exeunt,
1119 326 1286 368 totaque
1317 315 1381 358 die
1401 349 1414 370 ,
1456 318 1486 359 sl
1518 319 1654 360 serena
1682 320 1773 361 ‘fue-

236 392 306 440 rit,
342 388 570 440 interpossta
601 387 766 428 subinde
802 389 961 439 quiete,
999 388 1121 441 usque
1155 389 1202 428 ad
1232 388 1321 428 solis
1365 388 1450 430 fere
1490 390 1671 432 occasum
1705 404 1776 431 va-

237 468 396 514 gantur,
432 460 691 511 pabulantur,
729 459 943 500 insolantur
968 459 1007 498 &
1039 461 1079 498 in
1116 462 1249 510 aprico
1282 461 1492 501 colludunt
1527 475 1651 503 mares
1681 476 1775 505 cum.

238 529 419 571 foeminis.
492 530 599 571 Inter
636 530 676 569 se
711 542 809 570 vero
847 529 1096 570 occursantes
1132 529 1308 580 ejusdcm
1349 531 1463 572 sexus
1498 531 1640 584 Citilli,
1677 547 1777 586 prae-

236 600 367 642 sertim
394 613 539 652 mares,
578 602 716 642 acriter
750 602 866 640 etiam
900 610 1101 654 pugnant,
1139 601 1247 640 unde
1274 613 1357 640 non
1385 604 1520 654 paucis
1553 603 1663 656 digiti
1689 605 1775 658 pal-

234 683 384 713 marum
415 672 632 714 cicatricosi
667 672 872 723 caudaque
905 671 1110 723 praemorsa
1143 671 1384 711 observatur.
1458 672 1706 716 Feminarum
1730 678 1774 717 in

235 745 382 796 campis
418 742 606 785 fistulatus
642 743 780 783 crebro
817 742 1109 789 exaudiuntur-3
1153 754 1278 781 mares
1314 745 1493 784 taciturni
1533 748 1769 800 plerumque

237 814 449 855 ambulant.
522 812 702 854 Homine
742 813 826 854 viso
864 812 986 854 statim
1021 813 1069 852 ad
1109 823 1216 854 antra
1251 813 1455 866 refugiunt
1493 827 1645 857 omnes.
1698 817 1770 858 Vi-

235 884 329 926 deas
363 886 480 925 etiam
511 885 641 937 paffim
677 897 806 937 prope
850 894 976 924 antrav
999 885 1038 923 in
1082 886 1181 924 talos
1229 883 1382 925 erectos
1421 885 1459 925 &
1503 888 1770 941 excubantes,

232 956 302 997 ubi
338 966 589 1008 quantocyus
622 957 844 1009 periculum
881 957 1045 1009 ingruit,
1084 955 1194 995 edito
1228 955 1344 996 solito
1381 955 1552 998 fistulatu
1586 960 1626 998 in
1660 962 1772 1000 cuni-

234 1028 348 1068 culos
387 1027 626 1068 conduntur.
699 1026 923 1079 Subfrigida
957 1026 995 1066 &
1030 1026 1190 1066 humida
1225 1026 1459 1077 tempestate
1493 1028 1670 1070 rariffime
1706 1030 1768 1071 fo-

233 1110 292 1138 ras
326 1107 496 1144 exeunt;
536 1097 644 1137 domi
680 1097 796 1137 etiam
831 1098 985 1138 detenti
1020 1099 1146 1138 omnis
1179 1097 1387 1151 frigidioris
1422 1099 1517 1140 aeris
1556 1100 1594 1140 &
1629 1101 1775 1142 humo--

233 1169 291 1220 ris.¹
314 1167 626 1220 impatientissimi
659 1177 874 1220 apparent,
909 1168 1162 1209 tremebundi
1198 1169 1364 1209 latebras
1391 1180 1595 1221 quaerunt„
1629 1171 1667 1211 ὃς
1692 1184 1770 1214 coe-

233 1241 275 1280 10
311 1238 469 1281 turbido
504 1238 702 1295 majorem}
724 1250 878 1292 partem
916 1239 996 1279 diei
1031 1238 1266 1280 dormiendo
1311 1240 1537 1293 transigunt.

368 1333 452 1374 Vix
486 1335 568 1374 vidi
600 1336 763 1383 animal,
801 1335 912 1385 quod
948 1333 1101 1374 facilius
1141 1333 1277 1374 Citillo
1312 1336 1474 1376 cicurari
1511 1337 1636 1389 poffit.
1674 1337 1772 1379 Ma-

233 1415 296 1445 res
336 1416 496 1454 omnes,
534 1406 651 1444 etiam
684 1405 880 1454 seniores,
917 1416 1036 1444 unam
1070 1404 1159 1445 fere
1191 1407 1289 1445 intra
1325 1406 1451 1456 diem,
1485 1407 1662 1458 juniores
1700 1412 1767 1450 ali-

232 1483 333 1527 quot
366 1475 495 1525 horis,
532 1488 616 1516 non
650 1475 775 1516 solum
815 1476 1007 1515 catenulae
1040 1475 1283 1525 adsuefiunt,
1320 1477 1388 1518 sed
1423 1477 1460 1517 &
1495 1479 1547 1518 ita
1573 1480 1770 1522 mansues-

231 1558 348 1596 cunt,
395 1555 441 1586 ut
471 1558 603 1586 coram
648 1546 876 1586 hominibus
922 1543 1141 1596 ambulare,
1186 1548 1381 1598 pabulari,
1427 1550 1580 1599 lavare,
1624 1551 1770 1592 ludere>

229 1616 337 1658 haud
370 1615 643 1658 reformident.
715 1617 842 1657 Immo
875 1616 964 1667 post
991 1618 1144 1668 aliquot
1171 1618 1275 1668 dies,
1314 1618 1620 1661 domesticorum
1650 1622 1764 1663 instar

228 1689 451 1728 animalium
486 1689 534 1728 ad
564 1689 768 1728 hominem
810 1688 952 1740 sponte
990 1688 1204 1739 accedant,
1241 1689 1362 1742 seque
1395 1692 1581 1734 manibus
1611 1692 1764 1734 demul-

228 1761 309 1798 ceri
347 1759 385 1798 &
416 1758 567 1799 tractari
605 1760 821 1811 patiantur,
858 1760 926 1798 vel
965 1771 987 1798 e
1025 1759 1152 1811 digitis
1180 1761 1310 1801 cibum
1348 1763 1496 1813 legant.
1581 1763 1762 1805 Praebent

226 1830 360 1881 itaque
394 1830 718 1880 exoptatiffimum
749 1831 881 1881 pueris
912 1829 1146 1880 ludibrium,
1185 1832 1252 1882 qui
1286 1845 1385 1883 aqua
1416 1833 1620 1883 expulsos,
1658 1834 1766 1875 funi-

228 1901 406 1951 culisquc
439 1901 583 1950 laneis,
621 1914 722 1952 quos
747 1913 830 1939 non
858 1900 975 1940 facile
1002 1897 1172 1949 rbdunt,
1210 1902 1386 1953 alligatos
1413 1903 1562 1954 ubique
1588 1905 1757 1946 trahunt.

225 1968 398 2013 Feminae
435 1982 593 2021 contra,
631 1972 837 2023 praesertim
869 1971 1067 2020 seniores,-
1103 1973 1160 2010 uti
1191 1981 1327 2012 natura·
1359 1972 1447 2012 sunt
1471 1974 1764 2016 mordaciffimae·

226 2050 345 2092 atquc
366 2040 559 2091 subdolae,
579 2043 629 2082 ita
649 2054 850 2092 nunquam
870 2041 1065 2081 feritatem
1087 2043 1205 2092 plane
1225 2042 1447 2094 deponunt.
1498 2042 1607 2084 Hinc
1638 2058 1762 2087 Giint-

225 2124 413 2160 vaM,
442 2113 510 2163 qui
537 2112 640 2153 adeo
665 2111 870 2153 mordaces
900 2103 1055 2153 Citillos
1084 2113 1233 2162 scribit,
1270 2122 1314 2153 ut
1338 2114 1470 2154 irritati
1497 2116 1613 2156 etiam
1640 2117 1758 2168 spon-

226 2191 266 2223 te
302 2183 429 2223 mor-su
464 2184 726 2234 impeterent,
763 2183 918 2223 Iacutiae
950 2183 1050 2223 solas
1082 2183 1247 2224 feminas
1281 2183 1388 2224 domi
1425 2185 1558 2227 aluisse
1591 2190 1762 2230 conclu-2.

226 2255 374 2296 derem.
446 2252 684 2306 Ardtomyes
717 2256 852 2294 centra
892 2253 1104 2304 nostrates,
1157 2255 1273 2294 etiam
1312 2255 1468 2297 feminae
1515 2261 1552 2298 ὅς
1593 2258 1758 2310 adultae,

223 2326 325 2366 intra
351 2326 502 2379 aliquot
524 2325 608 2366 dies
631 2323 933 2368 mansuetiffiniae
960 2323 1047 2367 fieti
1076 2337 1215 2368 omnes
1240 2324 1387 2383 solent,

914 2395 954 2449 ,R
989 2406 1009 2447 3
