2032 2630
660 250 823 291 LEva‘
879 254 1052 292 TOLAI.
1269 279 1283 291 .
1581 270 1628 305 ¹9

89 352 239 393 etenim
265 348 336 391 sub
362 348 509 402 Aprilis
538 348 690 389 exitum
723 349 928 400 utriusque
962 346 1168 398 femellam
1201 348 1322 389 habui
1351 347 1508 401 foetam,
1553 364 1625 393 eo-

87 419 180 461 dem
203 419 291 461 fere
316 419 556 475 graviditatis
584 419 718 471 gradu.
790 417 846 458 Et
871 431 994 471 quum
1026 419 1068 458 in
1100 419 1161 460 his
1196 419 1369 461 foetubus
1401 423 1529 462 multo
1563 424 1622 462 in-

84 489 231 545 signior
252 500 438 544 appareat
461 489 705 539 differentia,
746 488 957 541 praesertim
988 490 1029 528 in
1060 491 1197 540 capitis
1227 492 1513 544 proportione,
1557 494 1623 534 ad-

86 560 141 604 do
169 573 244 614 pro
280 562 578 613 comparatione
617 561 659 600 in
702 551 879 603 Tabula
899 552 985 604 IV.
1036 558 1206 611 Leporis
1244 561 1439 602 variabilis
1465 558 1557 626 fig.
1575 572 1621 610 1.

87 641 130 671 et
156 631 258 684 Lep.
282 630 399 672 Tolai
427 625 581 692 fig.2.
625 629 786 681 foetum,
821 628 1066 684 subaequales
1100 631 1218 672 ambo
1251 640 1294 672 et
1325 636 1491 675 naturali
1523 634 1623 686 deli-¹

78 713 227 769 ‚neatos
254 700 538 756 magnitudine.

190 843 440 886 Differentiae
479 842 650 897 Leporis
688 843 828 898 Tolai,
882 846 1026 898 quibus
1065 845 1114 887 ab
1158 845 1335 888 affinibus
1376 846 1623 901 distinguitur

86 913 339 966 animalibus,
377 928 400 956 e
437 903 704 969 descriptione
737 916 918 958 minutim
951 917 1119 970 perspici
1149 914 1331 970 poss'unt3
1376 920 1626 971 quandoqui-

86 985 180 1027 dem
206 998 307 1027 vero
339 987 446 1028 haud
471 988 590 1028 valde
616 987 839 1040 conspicuae
865 989 940 1028 illae
967 988 1077 1037 sunt,
1115 975 1241 1028 dicam
1271 987 1334 1029 hic
1363 988 1623 1031 summariter:

86 1054 167 1097 esse
202 1059 330 1098 multo
370 1050 585 1116 majorem
630 1043 836 1099 Cuniculis
868 1060 938 1099 vel
975 1060 1172 1107 maximis,
1235 1068 1276 1099 et
1309 1059 1357 1099 L.
1395 1062 1626 1102 variabilem

85 1138 262 1178 aequare,
313 1129 435 1184 immo
476 1127 680 1178 superare-5
740 1132 881 1187 caput
914 1128 1062 1168 habere
1096 1129 1243 1169 eodem
1277 1139 1318 1169 et
1347 1129 1449 1181 Lep.
1484 1132 1624 1172 timido

84 1197 264 1248 longius,
308 1196 378 1237 sed
410 1197 545 1249 quoad
575 1199 748 1238 cranium
783 1199 910 1239 multo
944 1197 1162 1251 angustius,
1216 1201 1312 1240 licet
1352 1200 1475 1241 rostro
1508 1201 1623 1253 paene

86 1267 284 1315 crasfiore3
336 1277 470 1311 ames
503 1269 639 1319 paullo
672 1269 897 1320 longiores,
944 1281 1062 1320 quam
1091 1269 1137 1308 L.
1166 1271 1384 1320 variabilis,
1429 1271 1499 1312 sed
1533 1286 1625 1324 pro-

84 1339 171 1391 prio
206 1339 336 1388 capite
367 1336 454 1378 fere
491 1338 697 1390 breviores
737 1339 909 1388 habere,
954 1339 1140 1391 adeoque
1175 1341 1312 1392 paullo
1345 1343 1518 1384 minores
1543 1343 1624 1384 Le-

83 1419 184 1460 pore
209 1407 348 1448 timido
378 1407 574 1456 nostrate3
613 1409 763 1449 eaedem
791 1421 874 1449 non
904 1420 992 1450 toto
1030 1412 1167 1462 apice,
1211 1411 1280 1451 sed
1317 1421 1471 1454 tantum
1503 1424 1622 1459 mar.

79 1472 188 1539 gine
206 1472 501 1539 summitatis
525 1481 641 1533 nigrae
669 1479 769 1520 sunt.
845 1474 1054 1524 Artmmz
1084 1483 1348 1534 proportione
1379 1482 1426 1522 L.
1454 1486 1621 1538 variabis

84 1550 164 1589 lem
197 1550 377 1600 proxime
414 1547 557 1601 refert,
602 1560 742 1611 praeter
773 1551 951 1592 cubitum
983 1559 1025 1590 et
1062 1552 1175 1592 tibias
1212 1554 1350 1604 paullo
1394 1554 1622 1608 breviores,

85 1620 315 1671 palmasque
344 1629 386 1660 et
410 1622 562 1672 plantas
594 1622 792 1671 minores,
831 1630 873 1661 et
908 1621 1035 1673 pedes
1070 1624 1295 1674 tenuiores,
1340 1623 1495 1667 femora
1521 1639 1622 1671 vero

82 1691 219 1742 paullo
253 1692 454 1744 longiora:
509 1692 651 1744 quibus
685 1691 836 1744 insigne
876 1692 1084 1743 praesertim
1116 1707 1138 1734 a
1173 1693 1374 1736 Cuniculo
1415 1696 1622 1740 discrimen

84 1762 282 1815 innuitur,
321 1763 384 1802 cui
408 1771 574 1814 propter
601 1762 784 1803 fodiendi
809 1763 1076 1804 ncceffitatem
1103 1766 1222 1806 antici
1248 1775 1350 1807 artus
1383 1767 1625 1812 robustiores

86 1841 129 1872 et
162 1830 301 1884 postici
334 1833 542 1875 breviores
576 1831 688 1884 sunt,
733 1846 849 1885 quam
885 1835 925 1873 in
961 1835 1121 1887 reliquis
1149 1834 1348 1888 affinibus,
1393 1838 1570 1890 itemque
1603 1853 1627 1888 a

83 1900 247 1953 Lepore
278 1903 662 1955 timido-europaeo,
707 1906 770 1945 cui
808 1914 911 1946 artus
943 1906 1071 1945 multo
1105 1907 1321 1960 longiores.
1397 1903 1556 1954 Gamla
1582 1913 1625 1953 in

83 1970 133 2015 L.
161 1973 276 2013 Tolai
303 1975 443 2024 utique
469 1975 628 2026 longior
650 1975 811 2026 quidem
842 1978 992 2026 multo,
1044 1988 1162 2028 quam
1188 1976 1236 2016 L.
1268 1978 1445 2019 variabili
1477 1990 1518 2021 et
1544 1980 1625 2023 Cu'·

83 2043 244 2092 niculo,
274 2046 546 2097 'utplurimum
572 2057 704 2086 tamen
738 2047 1002 2097 proportione
1037 2048 1175 2099 paullo
1205 2048 1390 2099 brevior,
1427 2062 1544 2102 quam
1580 2054 1620 2093 in

83 2111 131 2153 L.
159 2113 297 2153 timido
322 2126 541 2167 europaeo„
567 2116 903 2168 paucioribusque
932 2129 1010 2158 una
1037 2118 1234 2159 vertebris
1265 2119 1460 2168 conflata3
1504 2121 1622 2164 simil-

83 2183 176 2223 lima
202 2192 336 2224 tamen
363 2185 457 2224 huic
484 2186 618 2238 quoad
646 2197 773 2227 aream
801 2189 950 2241 nigram
974 2170 1188 2240 infignem,
1225 2201 1303 2240 qua
1327 2189 1440 2242 supra
1464 2193 1620 2245 tegitur.

84 2246 328 2309 Izlterlmetl
359 2267 470 2306 aeque
503 2268 640 2307 parum
677 2257 718 2297 in
760 2259 945 2310 omnibus
987 2259 1047 2298 his
1083 2258 1293 2311 speciebus
1336 2259 1492 2302 differre
1537 2264 1619 2305 visa

83 2321 193 2379 sunt,
240 2335 284 2366 ac
328 2326 432 2382 inter
474 2333 553 2383 fres
589 2326 874 2382 subsequentes
911 2341 1037 2371 novas
1072 2327 1280 2384 Leporum
1314 2331 1467 2385 species
1504 2344 1620 2388 ecaug

905 2398 938 2439 C
964 2411 989 2439 2
