1948 2630
204 176 275 222 ³⁶4
737 165 961 201 SC1VRvs
989 162 1208 200 VOLANS.

694 265 734 304 A
778 262 826 304 N
863 264 902 303 A
943 263 980 302 T
1022 262 1060 302 O
1103 261 1156 301 M
1194 261 1243 302 E.

342 330 551 400 Dsifivlli
588 330 789 384 clitaliel',
837 344 1002 387 propter
1039 334 1189 386 pellem
1225 345 1298 385 per
1333 333 1509 385 corporis
1547 332 1734 372 ambitum

208 413 428 459 dilatatam,
480 409 590 448 varii.
663 407 702 446 A
747 405 1066 446 circumferentia
1108 403 1254 444 fibroso
1285 429 1301 436 ·
1326 404 1530 445 musculari
1576 406 1651 444 oris
1696 402 1734 442 δε

200 484 413 524 buccarum
451 479 567 520 fascia
610 477 829 518 musculosa
866 466 1308 536 (pllltysmllllkyofs)
1350 475 1535 525 utrinque
1574 474 1737 515 descon-

206 553 285 604 dit,
337 553 550 605 marginem
595 551 733 602 legens
770 550 873 589 inter
909 548 1057 587 collum
1095 545 1134 586 &
1170 558 1295 586 armos
1333 545 1577 586 extensarum
1616 547 1735 597 plica-

204 637 312 675 rum,
376 623 617 674 tandemque
664 621 706 660 in
750 619 956 661 tendinem
1000 617 1168 666 exilem,
1229 614 1456 656 filiformem
1502 615 1737 656 adtenuatus

206 708 327 748 carpo
365 695 526 734 interius
563 692 753 732 inseritur.
826 689 937 729 Dein
973 688 1092 732 muse.
1115 680 1426 748 filbaxillllr‘l's
1457 686 1634 739 insignis,
1681 698 1737 725 ra-

206 766 339 807 diatim
378 764 567 815 dispersus
605 762 738 803 versus
775 763 924 812 pellem
961 761 1062 800 inter
1099 771 1225 799 armos
1262 758 1301 798 &
1337 757 1490 797 femora
1518 759 1736 804 dilatatam,

206 837 317 887 cujus
361 836 647 887 duplicaturam
687 832 795 872 fibris
841 832 1005 882 oblique
1062 828 1414 881 longitudinalibus
1455 828 1649 880 pervadit.
1687 851 1736 859 —-

207 899 479 960 (Gltmdlllll
520 903 762 955 lymphatica
810 903 947 954 plana,
998 899 1114 940 tritici
1157 900 1286 948 mole,
1334 899 1428 938 huic
1468 898 1644 938 musculo
1681 897 1738 937 in-

206 979 328 1017 haeret
380 975 463 1027 ipso
514 977 609 1014 loco
654 973 723 1013 ubi
766 972 890 1025 spargi
933 967 1112 1023 incipit.)
1151 992 1202 997 -
1284 968 1512 1021 Marginem
1555 970 1740 1009 velorum

190 1034 449 1099 lateralium,
504 1046 596 1085 inde
643 1058 663 1084 a
707 1044 859 1083 calcare
897 1042 1026 1095 carpi,
1080 1042 1177 1093 legit
1214 1033 1400 1085 taeniola
1447 1032 1736 1100 myffcyllaris,

207 1130 359 1170 perque
399 1117 530 1156 tibiam
568 1115 809 1156 subcutanea
846 1112 1073 1160 descendit,
1128 1111 1351 1151 breviffimo
1389 1110 1552 1150 tendine
1600 1109 1739 1149 inserta

211 1190 260 1230 ad
295 1188 415 1240 ipsam
451 1185 559 1226 basin
596 1185 681 1226 offis
718 1183 911 1224 metatarss
946 1182 1080 1223 medii.
1117 1205 1168 1213 —
1237 1180 1432 1232 Denique
1483 1181 1619 1221 ultima
1655 1169 1741 1237 fa-

195 1254 305 1322 fi'l'a
339 1261 531 1303 Clltllm'a
564 1255 805 1304 tenuissimo,
843 1250 924 1305 4.“‘
966 1256 1092 1306 longo
1137 1251 1303 1292 tendine
1351 1263 1372 1291 a
1409 1253 1598 1292 calcaneo
1633 1260 1739 1299 orta,

209 1343 281 1383 per
313 1331 440 1370 laxam
474 1329 576 1368 inter
608 1327 798 1367 flexuram
829 1324 992 1365 femoris
1030 1323 1067 1364 &
1103 1322 1267 1363 caudam
1303 1323 1424 1363 cutim
1456 1322 1648 1370 decurrit,
1690 1319 1740 1361 ad

210 1402 363 1440 tertiam
398 1398 532 1439 caudae
562 1398 787 1438 vertebram
824 1396 1102 1435 tendinescens
1141 1394 1314 1445 exilique
1349 1391 1513 1431 tendine
1549 1403 1621 1443 per
1648 1401 1740 1430 ean-

212 1471 303 1511 dem
336 1470 560 1523 decurrens.
639 1465 716 1507 His
747 1466 932 1507 musculis
968 1466 1059 1516 vela
1099 1463 1137 1504 &
1162 1464 1284 1514 plicas
1316 1463 1457 1514 partim
1489 1462 1620 1516 tendi,
1650 1461 1738 1501 sub-

213 1541 358 1581 axillari
384 1551 484 1579 vero
521 1537 724 1586 contrahi,
755 1538 796 1576 in
823 1537 1036 1588 propatulo
1072 1533 1140 1575 est.

349 1609 510 1649 Vltimae
560 1620 724 1660 quoque
770 1604 896 1646 fasciae
939 1605 985 1644 ad
1033 1604 1151 1656 ipsam
1196 1615 1303 1657 genu
1351 1601 1540 1644 flexuram
1586 1600 1741 1653 adjacet

209 1673 431 1743 glandula
486 1678 752 1731 lymphatica,
798 1677 1015 1716 subaxillari
1058 1676 1200 1715 similis.
1307 1668 1435 1718 Stritl
1486 1666 1741 1733 vlgfclllaris

215 1752 262 1791 ab
306 1751 467 1802 inguine
502 1750 686 1800 utrinque
723 1748 856 1788 versus
890 1744 1291 1794 lateraadscendens
1334 1742 1447 1797 (quae
1483 1742 1650 1783 Glitium
1682 1755 1742 1784 or-

213 1822 295 1862 dini
327 1821 547 1862 communis
584 1818 671 1859 fere
711 1816 792 1870 est)
828 1817 961 1867 exilis,
1016 1817 1136 1868 eique
1180 1824 1364 1855 extremae
1404 1814 1598 1855 inhaerens
1639 1814 1747 1868 glan--

214 1893 306 1935 dula
348 1892 486 1931 itidem
521 1892 693 1939 minuta,
727 1888 935 1941 papaveris
975 1889 1179 1940 granulum
1214 1885 1406 1926 referens.
1576 1937 1579 1943 Ι

353 1954 616 2007 Ρθέῖθναῖθς
660 1959 825 1999 musculi
869 1958 974 1998 haud
1018 1956 1191 2006 robusti,
1246 1956 1418 1997 exterior
1461 1954 1600 2009 insigni
1632 1953 1743 1995 fasci-

215 2035 308 2076 culo
338 2035 378 2073 in
414 2032 684 2072 abdominales
725 2029 908 2070 tendens.
983 2022 1139 2071 Nervi
1164 2027 1348 2079 utrinque
1382 2038 1403 2065 a
1435 2027 1549 2067 tertia
1591 2026 1640 2066 ad
1674 2024 1743 2066 de-

216 2107 356 2145 cimam
390 2102 537 2144 costam
580 2115 602 2141 a
632 2101 863 2148 coitalibus,
924 2110 996 2150 per
1042 2098 1241 2139 musculos
1288 2095 1558 2138 intercostales
1607 2096 1745 2146 emisti,

217 2176 413 2226 paralleli,
455 2175 495 2213 in
521 2173 778 2224 panniculum
813 2170 1071 2210 muscularem
1111 2171 1296 2211 velorum
1335 2169 1553 2210 lateralium
1597 2165 1637 2207 &
1679 2165 1745 2206 ad-

215 2245 392 2297 jacentes
425 2244 591 2298 scapulae
628 2242 826 2284 musculos
865 2240 1105 2295 sparguntur.

1606 2298 1744 2360 Glan÷
