1948 2630
185 211 254 248 228
711 199 812 236 MVS
863 198 1198 235 OECONOMV'S.

185 312 293 350 tant3
354 312 520 353 quorum
580 284 710 352 oaffim
770 299 810 340 in
869 299 1010 350 pratis,
1066 297 1136 338 ubi
1194 296 1345 338 radices
1398 307 1511 352 gratae
1561 299 1724 353 copiose

187 374 454 427 proveniunt,
507 379 615 411 tanta
669 369 726 411 est
784 372 923 424 copia,
982 379 1026 409 ut
1071 359 1340 420 equitantibus
1393 371 1486 410 inde
1535 369 1727 423 frequens

186 445 431 496 periculum,
468 444 580 495 equis
613 454 686 495 per
716 443 912 495 caespitem
942 442 981 480 in
1010 452 1155 481 vacuas
1201 452 1372 479 cameras
1416 442 1522 493 pede
1561 443 1728 483 inciduis

188 524 307 567 atque
356 515 660 556 collabentibus.
762 512 959 554 Caeterum
1022 512 1106 552 haec
1151 510 1304 565 species
1345 523 1569 566 nunquam,
1617 513 1726 566 quod

180 586 327 637 sciam,
368 585 584 627 domestica
627 584 774 626 evadit.

323 669 578 720 Differentia,
604 660 882 722 magnitudinis
923 668 1026 708 inter
1070 678 1196 707 mares
1245 666 1283 706 ἂι
1332 665 1522 717 feminas,
1569 667 1608 706 in
1653 666 1729 707 hae

186 741 333 793 pariter
383 754 428 781 ac
478 742 518 780 in
569 740 751 793 sequenti
813 739 947 791 specie
1003 738 1105 779 adeo
1151 737 1308 790 insignis
1361 737 1439 787 est,
1484 746 1529 779 ut
1571 736 1729 779 feminae

186 811 290 864 saepe
336 813 437 853 ultra
479 812 623 852 decem
665 811 889 860 drachmas,
939 811 1060 850 immo
1110 809 1417 860 sesquiunciam,
1475 821 1601 849 mares
1659 810 1729 849 vix

186 883 299 923 senas
336 885 405 924 vel
440 883 623 934 septenas
662 882 865 923 drachmas
901 889 1074 932 aequent.
1148 879 1404 931 Videtur-que
1436 878 1585 920 femina
1620 880 1730 919 labo·-

171 953 323 994 ‘riofior
367 951 469 1003 effe,
504 953 543 993 &
593 955 634 994 in
692 965 802 1005 penu
852 948 1026 1003 paranda
1071 952 1289 1003 praecipuas
1335 959 1465 1002 partes
1518 961 1648 1002 agere.
1680 974 1731 982 -—

186 1024 298 1066 Vere
333 1026 460 1078 primo
495 1026 613 1066 etiarn
653 1025 694 1064 in
734 1023 1023 1064 borealioribus
1061 1023 1234 1070 coeunt3
1283 1029 1380 1062 tunc
1432 1021 1580 1062 femina
1645 1032 1731 1061 mo-

185 1096 270 1137 schi
301 1096 449 1137 fortem
487 1096 526 1136 ὃς
558 1096 664 1136 haud
690 1097 886 1148 ingratum
928 1095 1094 1134 odorem
1128 1093 1257 1145 spirat.
1339 1091 1488 1132 Medio
1525 1091 1628 1143 Maji
1664 1092 1728 1134 ad-

186 1167 268 1208 huc
302 1180 434 1208 coecos
485 1168 526 1207 in
563 1167 742 1208 Dauni-ia
784 1167 917 1217 pullos
956 1166 1117 1215 inveni,
1160 1164 1261 1215 saepe
1307 1172 1458 1204 tantum
1510 1164 1626 1203 binos
1658 1166 1727 1204 vel

184 1248 344 1289 ternos,
398 1238 610 1280 drachman
661 1239 816 1278 circiter
855 1236 1051 1289 pondere.
1134 1235 1289 1276 Verum
1338 1237 1408 1276 vix
1462 1234 1626 1275 dubium
1673 1233 1730 1275 est

185 1311 333 1363 pluries
379 1311 418 1349 in
458 1323 562 1350 anno
612 1310 830 1362 pullulare3
877 1310 943 1360 qui
986 1309 1092 1347 enim
1138 1309 1230 1348 alias
1276 1316 1384 1347 tanta
1426 1307 1567 1348 horum
1610 1307 1730 1346 muri-

185 1394 254 1422 um
291 1383 331 1421 in
372 1383 520 1433 campis
564 1379 663 1422 effer
709 1381 846 1431 copia,
898 1391 1021 1430 quum
1072 1378 1166 1419 feris
1215 1378 1253 1417 δε
1298 1378 1440 1419 avibus
1486 1376 1648 1417 facilem
1688 1377 1730 1417 in

186 1452 356 1504 praedam
392 1453 549 1493 cedant.
968 1451 972 1456 “
1496 1451 1523 1469 ‘

328 1528 466 1579 Calor
518 1533 713 1586 sanguinis
750 1532 845 1571 licet
899 1530 1006 1571 haud
1067 1531 1169 1569 ultra
1227 1527 1309 1580 97⁰·
1370 1528 1540 1574 Far-enh.
1613 1528 1731 1584 (962

189 1603 240 1645 de
269 1603 411 1656 L’1s1.>
448 1605 507 1644 his
533 1604 706 1644 muribus
746 1600 1008 1651 observetur,
1047 1611 1181 1641 tamen
1225 1602 1337 1641 nullo
1392 1601 1540 1655 frigore
1597 1610 1734 1653 torpe.

187 1676 322 1726 scunt,
364 1679 402 1715 ἃ
443 1677 627 1728 regiones
665 1673 811 1713 Sibiriae
845 1674 962 1714 etiam
999 1673 1168 1712 maxime
1209 1672 1392 1713 boreales
1431 1671 1471 1711 &
1512 1673 1726 1714 orientales

184 1758 270 1787 non
317 1745 587 1787 reformidant.
695 1744 856 1784 Etenim
905 1743 1027 1795 usque
1073 1745 1176 1783 circa
1215 1743 1457 1783 Beresovam
1497 1744 1547 1783 ad
1587 1742 1729 1784 Obum

184 1817 384 1858 *habentur
435 1817 473 1857 &
519 1817 566 1857 ad
599 1815 752 1857 Lenam
787 1814 880 1868 (ubi
916 1814 1059 1855 Iacntis
1096 1806 1333 1872 Klltlljllch
1370 1813 1534 1855 audiunt
1569 1813 1608 1854 &
1647 1814 1729 1866 ipsa

185 1889 409 1929 miserarum
457 1901 550 1929 caro
593 1888 762 1928 delicata
805 1886 842 1925 &
890 1886 1047 1939 pinguis
1087 1885 1166 1925 offa
1215 1894 1440 1936 reputatur,
1485 1897 1604 1944 quam
1646 1886 1731 1926 col-

183 1959 299 2001 ·leffis
338 1962 379 2000 in
424 1960 488 2001 sua
538 1959 806 2010 promptuaria
845 1955 1043 2007 Hedysari
1092 1956 1296 2007 cujusdam
1356 1954 1381 2009 )
1421 1956 1633 1997 esculentis
1673 1968 1730 1997 ra-

188 2031 340 2071 dicibus
375 2027 597 2082 condiunt)
627 2029 674 2069 ad
709 2027 886 2077 Lenmn,
926 2017 1040 2076 dic'o,
1081 2028 1182 2068 ultra
1219 2026 1405 2068 Iacutiam
1445 2028 1609 2068 boream
1639 2040 1729 2068 ver-

185 2102 250 2143 sus
300 2102 514 2143 abundant.
557 2123 608 2129 --
687 2099 846 2139 Dantur
890 2099 1009 2138 etiam
1059 2099 1100 2138 in
1151 2099 1452 2150 Kamtschatka,
1508 2099 1729 2152 eademque

1641 2170 1731 2212 sunt

223 2321 257 2362 b)
296 2321 495 2363 Hedysarum
537 2321 592 2353 fol.
638 2322 790 2362 pinnatis,
832 2321 933 2361 pinnis
985 2319 1147 2359 pendulis3
1166 2319 1299 2352 floribus
1312 2319 1492 2357 nemesis,
1521 2319 1732 2357 oohroleucis,

189 2371 371 2410 linearibus,
383 2373 591 2413 leguminibus
601 2372 788 2415 articulatis,
803 2372 934 2413 glabris,
984 2371 1151 2412 congestis.
1165 2370 1323 2404 nonsit».
1346 2370 1469 2405 votJV.
1485 2380 1517 2412 p.
1537 2376 1589 2408 23.
1607 2369 1670 2403 tab.
1688 2380 1730 2405 ιι,
