1948 2630
205 161 277 205 362
757 160 971 198 SCIVRVS
1000 157 1185 199 VOL'ANS.

207 259 417 300 tuberculo
463 258 570 310 carpi
614 259 815 310 pollicari,
866 272 1035 313 magno,
1095 261 1310 311 convex0,
1367 262 1554 303 interiore
1609 250 1769 301 latere*

206 328 440 370 subcalloso-
529 324 707 374 Radius
743 332 870 382 carpi,
917 331 1016 372 alam
1054 331 1247 381 tendens,
1292 331 1642 385 sesquipollicaris,
1680 343 1737 371 ar-

204 408 354 440 cuatus.
427 398 574 441 Subtus
610 402 747 453 palmae
783 400 1030 453 subvillosae,
1075 403 1290 444 tuberculis
1325 403 1462 453 nudis,
1509 404 1653 456 triplici
1689 403 1738 443 ad

204 469 348 525 digitos
385 469 424 510 &
458 471 607 523 majore
646 473 833 525 carpino,
870 485 962 514 cum
997 474 1178 525 pollicari
1214 473 1355 514 tubere
1392 475 1639 516 confluente.

351 557 542 611 Plantae
584 565 848 617 villosiffimae,
904 566 1216 620 pentadactylae,
1272 568 1479 609 introrsum
1515 567 1742 618 versatiles,

204 633 415 687 digitisque
453 634 523 689 (ut
559 637 599 677 in
635 635 960 690 Vespertilione)
997 638 1284 690 subaequalibus
1322 639 1359 679 &
1396 650 1477 680 uno
1511 638 1648 688 versu,
1687 638 1736 678 ad

201 704 494 758 scandendum,
539 708 762 748 imbricatis.
855 707 1001 750 Subtus
1037 709 1244 751 tubercula
1282 719 1450 763 quatuor
1486 710 1532 750 ad
1572 708 1736 762 digitos,

205 775 245 816 &
287 777 430 818 horum
468 779 600 830 apices
636 780 739 821 inter
775 780 894 820 villos
930 781 1059 829 nuda3
1106 775 1341 842 unguiculi
1373 779 1493 821 albidi
1533 781 1634 821 villis
1671 781 1737 820 ab-

202 847 384 892 sconditi.

343 922 502 972 Calldll
553 930 723 980 corpore
759 929 945 981 brevior,
997 931 1234 983 plerumque
1273 932 1374 971 circa
1411 931 1550 972 clunes
1586 932 1741 972 retorti-

201 997 269 1048 lis,
305 998 430 1051 longo
469 998 566 1039 villo
603 1000 752 1050 lanata,
789 1001 928 1053 plana,
966 1002 1327 1055 circumscriptione
1366 1002 1554 1054 oblonga.

349 1085 404 1133 V
395 1082 506 1133 ellus
542 1088 825 1141 denfiffimum,
860 1101 1064 1142 tenerum,
1124 1091 1406 1141 mollissimum,
1450 1092 1492 1131 in
1528 1091 1643 1132 dorso
1680 1091 1740 1133 us-

205 1170 285 1211 que
330 1159 379 1199 ad
421 1154 501 1210 9.“‘
550 1162 692 1210 altum,
747 1163 852 1203 intus
887 1162 1067 1213 fuscum,
1104 1162 1312 1215 superficie
1349 1174 1451 1203 cano
1489 1162 1737 1213 exalbidum,

202 1231 380 1283 apicibus
416 1231 588 1283 pilorum
624 1233 870 1282 albentibus,
908 1232 1068 1274 demum
1105 1234 1224 1274 canis.
1297 1232 1444 1275 Subtus
1481 1242 1609 1275 totum
1646 1232 1741 1288 (vix

205 1302 305 1342 ultra
338 1299 414 1352 5.“‘
452 1299 599 1354 altum)
637 1304 823 1353 niveum,
871 1305 1058 1356 lanugine
1096 1305 1144 1344 ad
1169 1304 1290 1356 ipsam
1328 1306 1448 1345 cutim
1479 1303 1741 1349 fuscescente.

208 1366 369 1416 Velmn
407 1373 591 1424 utrinque
628 1374 812 1423 laterale,
860 1375 907 1414 ab
945 1376 1048 1415 alula
1083 1376 1191 1426 carpi
1234 1374 1283 1414 ad
1327 1373 1654 1427 hypochondria,
1699 1375 1739 1414 δε

203 1453 337 1494 margo
375 1444 543 1483 lateralis
580 1445 696 1493 colli,
732 1445 1018 1496 brachiumque
1055 1444 1396 1497 longitudinaliter
1440 1444 1581 1497 gryseo
1610 1471 1625 1478 -
1662 1445 1740 1486 fus-

205 1512 391 1553 cescente
428 1511 580 1553 fimbria
618 1515 851 1567 marginata,
894 1528 983 1566 quae
1020 1515 1262 1566 superiorem
1302 1527 1440 1556 canam
1476 1515 1645 1566 faciem,
1690 1517 1738 1556 ab

204 1582 393 1623 inferiore
431 1583 518 1623 alba
555 1582 805 1625 disterminat.
878 1585 1057 1625 Extremi
1094 1584 1220 1637 pedes
1261 1585 1393 1625 albidi.
1479 1581 1649 1631 Ctllldae
1684 1587 1738 1627 la-

204 1664 256 1694 na
292 1654 419 1704 albet,
465 1654 578 1706 supra
611 1656 760 1707 pallido
790 1680 809 1688 -
845 1654 1085 1704 canescens,
1136 1657 1307 1709 pilisque
1345 1657 1613 1710 longioribus,
1659 1658 1739 1710 api-

204 1736 253 1765 ce
290 1725 570 1777 nigricantibus
606 1726 838 1766 inumbrata.

344 1799 569 1851 Mammae
588 1799 615 1857 ,'
643 1805 722 1847 'nisi
762 1806 1027 1859 laetentibus,
1079 1809 1134 1848 ob
1183 1809 1433 1851 altitudinem
1468 1811 1631 1851 velleris
1667 1822 1739 1852 nu-

206 1877 346 1918 merari
389 1886 621 1929 nequeunt3
668 1871 862 1937 papillae
907 1887 1002 1919 tunc
1048 1881 1220 1931 conicae,
1273 1879 1515 1932 majusculae,
1570 1889 1738 1934 quatuor

205 1949 378 2000 parium,
416 1959 438 1987 a
470 1947 585 1989 costis
615 1947 750 2000 spuriis
783 1948 906 2000 usque
945 1949 992 1990 ad
1021 1951 1181 2003 inguina
1215 1950 1553 2002 aequidistantium.
1630 1945 1740 1997 Vul-

206 2028 268 2063 va
304 2030 380 2059 ano
422 2020 601 2071 proxima
636 2018 826 2070 simplex,
864 2021 1047 2062 clitoricle
1082 2022 1150 2061 vix
1181 2022 1362 2062 notabili.
1405 2045 1456 2050 —
1529 2016 1738 2067 Scrotum

206 2087 459 2143 (maribus)
501 2098 609 2130 extra
651 2100 844 2130 venerem
898 2091 1157 2143 conspicuum
1199 2094 1365 2133 nullum.
1439 2087 1739 2153 Praeputimn

209 2160 257 2198 ab
292 2172 368 2201 ano
402 2161 582 2212 pollicari
617 2159 742 2213 spatio
775 2171 984 2203 remotum.
1057 2162 1171 2204 Anus
1203 2162 1273 2203 sub
1306 2161 1432 2204 cauda
1463 2164 1563 2204 villo
1592 2165 1740 2214 latens,

209 2229 366 2281 scybala
398 2239 507 2272 extra
541 2232 715 2285 pelvim,
749 2233 863 2273 velut
889 2234 929 2275 in
961 2226 1118 2280 cloaca
1151 2232 1379 2276 secundaria
1416 2234 1622 2289 colligens.
