<?xml version="1.0" encoding="UTF-8"?>
<!DOCTYPE html PUBLIC "-//W3C//DTD XHTML 1.0 Transitional//EN"
    "http://www.w3.org/TR/xhtml1/DTD/xhtml1-transitional.dtd">
<html xmlns="http://www.w3.org/1999/xhtml" xml:lang="en" lang="en">
 <head>
  <title>
</title>
<meta http-equiv="Content-Type" content="text/html;charset=utf-8" />
  <meta name='ocr-system' content='tesseract 3.04.00' />
  <meta name='ocr-capabilities' content='ocr_page ocr_carea ocr_par ocr_line ocrx_word'/>
</head>
<body>
  <div class='ocr_page' id='page_1' title='image "./novaespeciesqvad00pall/novaespeciesqvad00pall_0149.png"; bbox 0 0 2032 2630; ppageno 0'>
   <div class='ocr_carea' id='block_1_1' title="bbox 785 233 1752 285">
    <p class='ocr_par' dir='ltr' id='par_1_1' title="bbox 785 233 1752 285">
     <span class='ocr_line' id='line_1_1' title="bbox 785 233 1752 285; baseline 0.006 -16"><span class='ocrx_word' id='word_1_1' title='bbox 785 234 890 270; x_wconf 81' lang='lat' dir='ltr'>MVS</span> <span class='ocrx_word' id='word_1_2' title='bbox 937 233 1187 281; x_wconf 6' lang='lat' dir='ltr'>clTIRLLVS.</span> <span class='ocrx_word' id='word_1_3' title='bbox 1685 248 1752 285; x_wconf 78' lang='lat'>¹33</span> 
     </span>
    </p>
   </div>
   <div class='ocr_carea' id='block_1_2' title="bbox 207 330 1753 1734">
    <p class='ocr_par' dir='ltr' id='par_1_2' title="bbox 217 330 1753 462">
     <span class='ocr_line' id='line_1_2' title="bbox 218 330 1753 389; baseline 0.003 -16"><span class='ocrx_word' id='word_1_4' title='bbox 218 331 366 382; x_wconf 67' lang='lat' dir='ltr'>essent,</span> <span class='ocrx_word' id='word_1_5' title='bbox 398 331 530 384; x_wconf 72' lang='lat' dir='ltr'>ligna,</span> <span class='ocrx_word' id='word_1_6' title='bbox 565 330 740 382; x_wconf 85' lang='lat' dir='ltr'>chartas,</span> <span class='ocrx_word' id='word_1_7' title='bbox 790 333 1023 386; x_wconf 72' lang='lat' dir='ltr'>limumque</span> <span class='ocrx_word' id='word_1_8' title='bbox 1051 331 1260 375; x_wconf 85' lang='lat' dir='ltr'>fornacum</span> <span class='ocrx_word' id='word_1_9' title='bbox 1301 335 1459 388; x_wconf 89' lang='lat' dir='ltr'>propria</span> <span class='ocrx_word' id='word_1_10' title='bbox 1492 347 1615 389; x_wconf 89' lang='lat' dir='ltr'>opera</span> <span class='ocrx_word' id='word_1_11' title='bbox 1643 348 1753 377; x_wconf 85' lang='lat' dir='ltr'>com-</span> 
     </span>
     <span class='ocr_line' id='line_1_3' title="bbox 217 401 905 462; baseline 0 -18"><span class='ocrx_word' id='word_1_12' title='bbox 217 405 365 444; x_wconf 88' lang='lat' dir='ltr'>minuta</span> <span class='ocrx_word' id='word_1_13' title='bbox 386 403 433 442; x_wconf 72' lang='lat' dir='ltr'>&#39;in</span> <span class='ocrx_word' id='word_1_14' title='bbox 459 401 597 442; x_wconf 87' lang='lat' dir='ltr'>nidum</span> <span class='ocrx_word' id='word_1_15' title='bbox 620 404 905 462; x_wconf 84' lang='lat' dir='ltr'>congerebant.</span> 
     </span>
    </p>

    <p class='ocr_par' dir='ltr' id='par_1_3' title="bbox 207 473 1753 1734">
     <span class='ocr_line' id='line_1_4' title="bbox 353 473 1752 530; baseline 0.002 -18"><span class='ocrx_word' id='word_1_16' title='bbox 353 473 528 514; x_wconf 84' lang='lat' dir='ltr'>Cicurati</span> <span class='ocrx_word' id='word_1_17' title='bbox 555 485 680 514; x_wconf 88' lang='lat' dir='ltr'>mares</span> <span class='ocrx_word' id='word_1_18' title='bbox 711 486 821 529; x_wconf 79' lang='lat' dir='ltr'>raro,</span> <span class='ocrx_word' id='word_1_19' title='bbox 858 473 929 514; x_wconf 81' lang='lat' dir='ltr'>nifi</span> <span class='ocrx_word' id='word_1_20' title='bbox 965 476 1162 525; x_wconf 85' lang='lat' dir='ltr'>perterriti</span> <span class='ocrx_word' id='word_1_21' title='bbox 1196 477 1265 516; x_wconf 90' lang='lat' dir='ltr'>vel</span> <span class='ocrx_word' id='word_1_22' title='bbox 1293 476 1402 530; x_wconf 86' lang='lat' dir='ltr'>irati,</span> <span class='ocrx_word' id='word_1_23' title='bbox 1444 475 1654 518; x_wconf 87' lang='lat' dir='ltr'>fistularem</span> <span class='ocrx_word' id='word_1_24' title='bbox 1691 478 1752 519; x_wconf 83' lang='lat' dir='ltr'>so.</span> 
     </span>
     <span class='ocr_line' id='line_1_5' title="bbox 216 543 1751 599; baseline 0.005 -15"><span class='ocrx_word' id='word_1_25' title='bbox 216 556 333 593; x_wconf 90' lang='lat' dir='ltr'>num,</span> <span class='ocrx_word' id='word_1_26' title='bbox 371 546 439 596; x_wconf 87' lang='lat' dir='ltr'>qui</span> <span class='ocrx_word' id='word_1_27' title='bbox 478 543 619 586; x_wconf 90' lang='lat' dir='ltr'>Citillis</span> <span class='ocrx_word' id='word_1_28' title='bbox 651 546 832 598; x_wconf 89' lang='lat' dir='ltr'>proprius</span> <span class='ocrx_word' id='word_1_29' title='bbox 865 544 942 594; x_wconf 88' lang='lat' dir='ltr'>est,</span> <span class='ocrx_word' id='word_1_30' title='bbox 987 545 1267 596; x_wconf 85' lang='lat' dir='ltr'>acutiffimum,</span> <span class='ocrx_word' id='word_1_31' title='bbox 1315 547 1448 587; x_wconf 83' lang='lat' dir='ltr'>hiante</span> <span class='ocrx_word' id='word_1_32' title='bbox 1491 561 1560 589; x_wconf 92' lang='lat' dir='ltr'>ore</span> <span class='ocrx_word' id='word_1_33' title='bbox 1604 551 1751 599; x_wconf 89' lang='lat' dir='ltr'>edunt;</span> 
     </span>
     <span class='ocr_line' id='line_1_6' title="bbox 215 615 1752 672; baseline 0.004 -16"><span class='ocrx_word' id='word_1_34' title='bbox 215 615 347 670; x_wconf 70' lang='lat' dir='ltr'>media</span> <span class='ocrx_word' id='word_1_35' title='bbox 382 617 549 656; x_wconf 85' lang='lat' dir='ltr'>varietas</span> <span class='ocrx_word' id='word_1_36' title='bbox 577 617 814 668; x_wconf 86' lang='lat' dir='ltr'>plerumque</span> <span class='ocrx_word' id='word_1_37' title='bbox 850 615 1080 667; x_wconf 76' lang='lat' dir='ltr'>simplicem.</span> <span class='ocrx_word' id='word_1_38' title='bbox 1153 615 1337 657; x_wconf 87' lang='lat' dir='ltr'>Foeminae</span> <span class='ocrx_word' id='word_1_39' title='bbox 1373 618 1623 662; x_wconf 82' lang='lat' dir='ltr'>clamofiores</span> <span class='ocrx_word' id='word_1_40' title='bbox 1651 620 1752 672; x_wconf 76' lang='lat' dir='ltr'>sunt,</span> 
     </span>
     <span class='ocr_line' id='line_1_7' title="bbox 215 676 1751 742; baseline 0.003 -15"><span class='ocrx_word' id='word_1_41' title='bbox 215 699 445 738; x_wconf 88' lang='lat' dir='ltr'>vocemque</span> <span class='ocrx_word' id='word_1_42' title='bbox 481 687 737 736; x_wconf 83' lang='lat' dir='ltr'><strong>debiliorem,</strong></span> <span class='ocrx_word' id='word_1_43' title='bbox 772 688 894 739; x_wconf 89' lang='lat' dir='ltr'>magis</span> <span class='ocrx_word' id='word_1_44' title='bbox 928 687 1135 738; x_wconf 86' lang='lat' dir='ltr'><strong>querulam</strong></span> <span class='ocrx_word' id='word_1_45' title='bbox 1173 686 1211 727; x_wconf 75' lang='grc' dir='ltr'>δε</span> <span class='ocrx_word' id='word_1_46' title='bbox 1235 676 1408 741; x_wconf 71' lang='lat' dir='ltr'>argutam</span> <span class='ocrx_word' id='word_1_47' title='bbox 1434 689 1570 742; x_wconf 90' lang='lat' dir='ltr'>saepius</span> <span class='ocrx_word' id='word_1_48' title='bbox 1596 693 1751 742; x_wconf 86' lang='lat' dir='ltr'>iterant,</span> 
     </span>
     <span class='ocr_line' id='line_1_8' title="bbox 212 758 1752 812; baseline 0.003 -15"><span class='ocrx_word' id='word_1_49' title='bbox 212 758 434 806; x_wconf 82' lang='lat' dir='ltr'>iracundia,</span> <span class='ocrx_word' id='word_1_50' title='bbox 470 758 734 808; x_wconf 84' lang='lat' dir='ltr'>impatientia,</span> <span class='ocrx_word' id='word_1_51' title='bbox 770 759 936 798; x_wconf 84' lang='lat' dir='ltr'>aliterve</span> <span class='ocrx_word' id='word_1_52' title='bbox 964 758 1141 799; x_wconf 81' lang='lat' dir='ltr'>turbatae.</span> <span class='ocrx_word' id='word_1_53' title='bbox 1215 758 1367 800; x_wconf 86' lang='lat' dir='ltr'>Mirum</span> <span class='ocrx_word' id='word_1_54' title='bbox 1405 773 1527 812; x_wconf 88' lang='lat' dir='ltr'>vero,</span> <span class='ocrx_word' id='word_1_55' title='bbox 1572 760 1651 802; x_wconf 80' lang='lat' dir='ltr'>effe</span> <span class='ocrx_word' id='word_1_56' title='bbox 1683 775 1752 802; x_wconf 86' lang='lat' dir='ltr'>va-</span> 
     </span>
     <span class='ocr_line' id='line_1_9' title="bbox 213 828 1753 880; baseline 0.003 -12"><span class='ocrx_word' id='word_1_57' title='bbox 213 829 395 868; x_wconf 88' lang='lat' dir='ltr'>rietatum</span> <span class='ocrx_word' id='word_1_58' title='bbox 434 828 472 867; x_wconf 90' lang='lat'>&amp;</span> <span class='ocrx_word' id='word_1_59' title='bbox 503 829 685 868; x_wconf 85' lang='lat' dir='ltr'>locorum</span> <span class='ocrx_word' id='word_1_60' title='bbox 714 829 831 869; x_wconf 90' lang='lat' dir='ltr'>etiam</span> <span class='ocrx_word' id='word_1_61' title='bbox 868 829 1002 880; x_wconf 87' lang='lat' dir='ltr'>quoad</span> <span class='ocrx_word' id='word_1_62' title='bbox 1034 841 1183 870; x_wconf 87' lang='lat' dir='ltr'>vocem</span> <span class='ocrx_word' id='word_1_63' title='bbox 1220 828 1473 872; x_wconf 86' lang='lat' dir='ltr'>differentias.</span> <span class='ocrx_word' id='word_1_64' title='bbox 1548 831 1662 874; x_wconf 89' lang='lat' dir='ltr'>Circa</span> <span class='ocrx_word' id='word_1_65' title='bbox 1686 832 1753 873; x_wconf 65' lang='lat' dir='ltr'>Sa-</span> 
     </span>
     <span class='ocr_line' id='line_1_10' title="bbox 210 898 1752 956; baseline 0.005 -18"><span class='ocrx_word' id='word_1_66' title='bbox 210 911 358 939; x_wconf 84' lang='lat' dir='ltr'>maram</span> <span class='ocrx_word' id='word_1_67' title='bbox 398 899 436 938; x_wconf 87' lang='lat'>&amp;</span> <span class='ocrx_word' id='word_1_68' title='bbox 470 900 509 938; x_wconf 91' lang='lat' dir='ltr'>in</span> <span class='ocrx_word' id='word_1_69' title='bbox 544 898 704 939; x_wconf 83' lang='lat' dir='ltr'>Isetenfi</span> <span class='ocrx_word' id='word_1_70' title='bbox 737 901 945 951; x_wconf 83' lang='lat' dir='ltr'>provincia</span> <span class='ocrx_word' id='word_1_71' title='bbox 985 902 1153 942; x_wconf 87' lang='lat' dir='ltr'>varietas</span> <span class='ocrx_word' id='word_1_72' title='bbox 1179 902 1310 942; x_wconf 88' lang='lat' dir='ltr'>media</span> <span class='ocrx_word' id='word_1_73' title='bbox 1342 901 1529 955; x_wconf 83' lang='lat' dir='ltr'>simplici,</span> <span class='ocrx_word' id='word_1_74' title='bbox 1575 913 1620 944; x_wconf 85' lang='lat' dir='ltr'>ut</span> <span class='ocrx_word' id='word_1_75' title='bbox 1649 906 1752 956; x_wconf 69' lang='lat' dir='ltr'>dixi,</span> 
     </span>
     <span class='ocr_line' id='line_1_11' title="bbox 208 969 1751 1027; baseline 0.004 -17"><span class='ocrx_word' id='word_1_76' title='bbox 208 969 310 1010; x_wconf 88' lang='lat' dir='ltr'>sono</span> <span class='ocrx_word' id='word_1_77' title='bbox 350 969 519 1011; x_wconf 84' lang='lat' dir='ltr'>fistulare</span> <span class='ocrx_word' id='word_1_78' title='bbox 550 971 662 1011; x_wconf 88' lang='lat' dir='ltr'>solet.</span> <span class='ocrx_word' id='word_1_79' title='bbox 735 970 802 1011; x_wconf 89' lang='lat' dir='ltr'>Ad</span> <span class='ocrx_word' id='word_1_80' title='bbox 834 971 927 1010; x_wconf 89' lang='lat' dir='ltr'>Irtin</span> <span class='ocrx_word' id='word_1_81' title='bbox 962 972 1002 1012; x_wconf 93' lang='lat' dir='ltr'>in</span> <span class='ocrx_word' id='word_1_82' title='bbox 1038 971 1180 1012; x_wconf 85' lang='lat' dir='ltr'>eadem</span> <span class='ocrx_word' id='word_1_83' title='bbox 1209 972 1326 1014; x_wconf 91' lang='lat' dir='ltr'>sonus</span> <span class='ocrx_word' id='word_1_84' title='bbox 1365 974 1546 1023; x_wconf 83' lang='lat' dir='ltr'>brevior,</span> <span class='ocrx_word' id='word_1_85' title='bbox 1585 977 1751 1027; x_wconf 81' lang='lat' dir='ltr'>acutior,</span> 
     </span>
     <span class='ocr_line' id='line_1_12' title="bbox 209 1041 1751 1094; baseline 0.003 -14"><span class='ocrx_word' id='word_1_86' title='bbox 209 1041 312 1093; x_wconf 84' lang='lat' dir='ltr'>saepe</span> <span class='ocrx_word' id='word_1_87' title='bbox 345 1043 588 1093; x_wconf 84' lang='lat' dir='ltr'>geminatus,</span> <span class='ocrx_word' id='word_1_88' title='bbox 624 1043 743 1082; x_wconf 85' lang='lat' dir='ltr'>rarius</span> <span class='ocrx_word' id='word_1_89' title='bbox 782 1043 1019 1094; x_wconf 80' lang='lat' dir='ltr'>triplicatus,</span> <span class='ocrx_word' id='word_1_90' title='bbox 1065 1044 1179 1082; x_wconf 88' lang='lat' dir='ltr'>etiam</span> <span class='ocrx_word' id='word_1_91' title='bbox 1216 1044 1397 1087; x_wconf 87' lang='lat' dir='ltr'>maribus.</span> <span class='ocrx_word' id='word_1_92' title='bbox 1486 1044 1554 1084; x_wconf 92' lang='lat' dir='ltr'>Ad</span> <span class='ocrx_word' id='word_1_93' title='bbox 1587 1045 1751 1087; x_wconf 87' lang='lat' dir='ltr'>inferio.</span> 
     </span>
     <span class='ocr_line' id='line_1_13' title="bbox 212 1112 1750 1173; baseline 0.005 -23"><span class='ocrx_word' id='word_1_94' title='bbox 212 1124 296 1151; x_wconf 88' lang='lat' dir='ltr'>rem</span> <span class='ocrx_word' id='word_1_95' title='bbox 332 1112 506 1164; x_wconf 87' lang='lat' dir='ltr'>Volgam</span> <span class='ocrx_word' id='word_1_96' title='bbox 535 1113 751 1152; x_wconf 85' lang='lat' dir='ltr'>minoribus</span> <span class='ocrx_word' id='word_1_97' title='bbox 789 1113 925 1164; x_wconf 81' lang='lat' dir='ltr'>saepius</span> <span class='ocrx_word' id='word_1_98' title='bbox 959 1114 1117 1154; x_wconf 85' lang='lat' dir='ltr'>iteratus</span> <span class='ocrx_word' id='word_1_99' title='bbox 1149 1114 1279 1155; x_wconf 87' lang='lat' dir='ltr'>sonus.</span> <span class='ocrx_word' id='word_1_100' title='bbox 1354 1114 1547 1167; x_wconf 83' lang='lat' dir='ltr'>Denique</span> <span class='ocrx_word' id='word_1_101' title='bbox 1585 1118 1750 1173; x_wconf 84' lang='lat' dir='ltr'>minuti,</span> 
     </span>
     <span class='ocr_line' id='line_1_14' title="bbox 214 1182 1751 1238; baseline 0.005 -17"><span class='ocrx_word' id='word_1_102' title='bbox 214 1184 315 1222; x_wconf 85' lang='lat' dir='ltr'>circa</span> <span class='ocrx_word' id='word_1_103' title='bbox 351 1182 527 1223; x_wconf 81' lang='lat' dir='ltr'>Ia·1·cense</span> <span class='ocrx_word' id='word_1_104' title='bbox 563 1183 755 1234; x_wconf 86' lang='lat' dir='ltr'>oppidum</span> <span class='ocrx_word' id='word_1_105' title='bbox 796 1184 1016 1238; x_wconf 79' lang='lat' dir='ltr'>observati,</span> <span class='ocrx_word' id='word_1_106' title='bbox 1052 1184 1191 1225; x_wconf 87' lang='lat' dir='ltr'>sonum</span> <span class='ocrx_word' id='word_1_107' title='bbox 1230 1184 1355 1226; x_wconf 56' lang='lat' dir='ltr'>octies</span> <span class='ocrx_word' id='word_1_108' title='bbox 1398 1186 1588 1228; x_wconf 88' lang='lat' dir='ltr'>deciesve</span> <span class='ocrx_word' id='word_1_109' title='bbox 1623 1191 1751 1229; x_wconf 87' lang='lat' dir='ltr'>conti-</span> 
     </span>
     <span class='ocr_line' id='line_1_15' title="bbox 208 1253 1752 1310; baseline 0.003 -16"><span class='ocrx_word' id='word_1_110' title='bbox 208 1262 332 1294; x_wconf 89' lang='lat' dir='ltr'>nuato</span> <span class='ocrx_word' id='word_1_111' title='bbox 365 1262 575 1306; x_wconf 88' lang='lat' dir='ltr'>repetunt,</span> <span class='ocrx_word' id='word_1_112' title='bbox 613 1263 657 1295; x_wconf 90' lang='lat' dir='ltr'>ut</span> <span class='ocrx_word' id='word_1_113' title='bbox 690 1253 849 1295; x_wconf 90' lang='lat' dir='ltr'>insuetis</span> <span class='ocrx_word' id='word_1_114' title='bbox 883 1267 954 1306; x_wconf 89' lang='lat' dir='ltr'>pro</span> <span class='ocrx_word' id='word_1_115' title='bbox 995 1257 1148 1296; x_wconf 87' lang='lat' dir='ltr'>avicula</span> <span class='ocrx_word' id='word_1_116' title='bbox 1181 1256 1334 1296; x_wconf 85' lang='lat' dir='ltr'>insolita</span> <span class='ocrx_word' id='word_1_117' title='bbox 1367 1257 1584 1310; x_wconf 86' lang='lat' dir='ltr'>imponant.</span> <span class='ocrx_word' id='word_1_118' title='bbox 1665 1258 1752 1299; x_wconf 88' lang='lat' dir='ltr'>Eae-</span> 
     </span>
     <span class='ocr_line' id='line_1_16' title="bbox 211 1324 1750 1377; baseline 0.004 -12"><span class='ocrx_word' id='word_1_119' title='bbox 211 1326 289 1376; x_wconf 64' lang='lat' dir='ltr'>(jue</span> <span class='ocrx_word' id='word_1_120' title='bbox 318 1324 533 1365; x_wconf 87' lang='lat' dir='ltr'>secundum</span> <span class='ocrx_word' id='word_1_121' title='bbox 566 1325 842 1365; x_wconf 84' lang='lat' dir='ltr'>determinatas</span> <span class='ocrx_word' id='word_1_122' title='bbox 873 1328 1058 1377; x_wconf 84' lang='lat' dir='ltr'>regiones</span> <span class='ocrx_word' id='word_1_123' title='bbox 1099 1326 1404 1368; x_wconf 85' lang='lat' dir='ltr'>constantiffimae</span> <span class='ocrx_word' id='word_1_124' title='bbox 1438 1328 1750 1371; x_wconf 86' lang='lat' dir='ltr'>differentiae.-..</span> 
     </span>
     <span class='ocr_line' id='line_1_17' title="bbox 212 1395 1749 1452; baseline 0.005 -18"><span class='ocrx_word' id='word_1_125' title='bbox 212 1395 401 1435; x_wconf 70' lang='lat' dir='ltr'>Praeterea</span> <span class='ocrx_word' id='word_1_126' title='bbox 443 1396 618 1436; x_wconf 81' lang='lat' dir='ltr'>iracundi</span> <span class='ocrx_word' id='word_1_127' title='bbox 653 1397 868 1447; x_wconf 88' lang='lat' dir='ltr'>grunniunt</span> <span class='ocrx_word' id='word_1_128' title='bbox 895 1396 1039 1446; x_wconf 87' lang='lat' dir='ltr'>Citilli,</span> <span class='ocrx_word' id='word_1_129' title='bbox 1077 1398 1187 1448; x_wconf 90' lang='lat' dir='ltr'>quod</span> <span class='ocrx_word' id='word_1_130' title='bbox 1223 1397 1435 1439; x_wconf 81' lang='lat' dir='ltr'>Marmotae</span> <span class='ocrx_word' id='word_1_131' title='bbox 1471 1401 1604 1452; x_wconf 90' lang='lat' dir='ltr'>potius</span> <span class='ocrx_word' id='word_1_132' title='bbox 1639 1402 1749 1442; x_wconf 84' lang='lat' dir='ltr'>blan-</span> 
     </span>
     <span class='ocr_line' id='line_1_18' title="bbox 210 1465 1748 1521; baseline 0.005 -16"><span class='ocrx_word' id='word_1_133' title='bbox 210 1465 352 1506; x_wconf 87' lang='lat' dir='ltr'>dientis</span> <span class='ocrx_word' id='word_1_134' title='bbox 390 1465 465 1516; x_wconf 80' lang='lat' dir='ltr'>est,</span> <span class='ocrx_word' id='word_1_135' title='bbox 504 1466 543 1505; x_wconf 90' lang='lat'>&amp;</span> <span class='ocrx_word' id='word_1_136' title='bbox 566 1466 755 1517; x_wconf 84' lang='lat' dir='ltr'>foeminae,</span> <span class='ocrx_word' id='word_1_137' title='bbox 793 1468 954 1517; x_wconf 84' lang='lat' dir='ltr'>quando</span> <span class='ocrx_word' id='word_1_138' title='bbox 992 1468 1247 1519; x_wconf 73' lang='lat' dir='ltr'>deprehensa:</span> <span class='ocrx_word' id='word_1_139' title='bbox 1281 1472 1582 1521; x_wconf 80' lang='lat' dir='ltr'>commordent,</span> <span class='ocrx_word' id='word_1_140' title='bbox 1620 1472 1748 1513; x_wconf 81' lang='lat' dir='ltr'>felino</span> 
     </span>
     <span class='ocr_line' id='line_1_19' title="bbox 208 1535 1748 1594; baseline 0.006 -18"><span class='ocrx_word' id='word_1_141' title='bbox 208 1535 293 1577; x_wconf 84' lang='lat' dir='ltr'>fere</span> <span class='ocrx_word' id='word_1_142' title='bbox 331 1548 442 1577; x_wconf 86' lang='lat' dir='ltr'>more</span> <span class='ocrx_word' id='word_1_143' title='bbox 474 1536 641 1578; x_wconf 87' lang='lat' dir='ltr'>stertunt</span> <span class='ocrx_word' id='word_1_144' title='bbox 673 1537 711 1577; x_wconf 88' lang='lat'>&amp;</span> <span class='ocrx_word' id='word_1_145' title='bbox 744 1537 910 1578; x_wconf 83' lang='lat' dir='ltr'>fibilant.</span> <span class='ocrx_word' id='word_1_146' title='bbox 984 1538 1171 1579; x_wconf 87' lang='lat' dir='ltr'>Fameliei</span> <span class='ocrx_word' id='word_1_147' title='bbox 1206 1539 1244 1579; x_wconf 90' lang='lat'>&amp;</span> <span class='ocrx_word' id='word_1_148' title='bbox 1279 1540 1435 1581; x_wconf 87' lang='lat' dir='ltr'>subirati</span> <span class='ocrx_word' id='word_1_149' title='bbox 1473 1541 1572 1594; x_wconf 83' lang='lat' dir='ltr'>saepe</span> <span class='ocrx_word' id='word_1_150' title='bbox 1606 1545 1748 1584; x_wconf 86' lang='lat' dir='ltr'>dentes</span> 
     </span>
     <span class='ocr_line' id='line_1_20' title="bbox 207 1607 1746 1669; baseline 0.005 -22"><span class='ocrx_word' id='word_1_151' title='bbox 207 1610 390 1648; x_wconf 88' lang='lat' dir='ltr'>acuendo</span> <span class='ocrx_word' id='word_1_152' title='bbox 425 1609 651 1658; x_wconf 80' lang='lat' dir='ltr'>collidunt,</span> <span class='ocrx_word' id='word_1_153' title='bbox 689 1620 769 1661; x_wconf 91' lang='lat' dir='ltr'>quo</span> <span class='ocrx_word' id='word_1_154' title='bbox 797 1607 1001 1649; x_wconf 90' lang='lat' dir='ltr'>stridorem</span> <span class='ocrx_word' id='word_1_155' title='bbox 1038 1609 1171 1664; x_wconf 74' lang='lat' dir='ltr'>&lt;quasi</span> <span class='ocrx_word' id='word_1_156' title='bbox 1207 1610 1337 1663; x_wconf 87' lang='lat' dir='ltr'>Grylli</span> <span class='ocrx_word' id='word_1_157' title='bbox 1366 1611 1513 1653; x_wconf 84' lang='lat' dir='ltr'>striduli</span> <span class='ocrx_word' id='word_1_158' title='bbox 1545 1611 1746 1669; x_wconf 81' lang='lat' dir='ltr'>volantis&gt;</span> 
     </span>
     <span class='ocr_line' id='line_1_21' title="bbox 209 1679 1239 1734; baseline 0.002 -15"><span class='ocrx_word' id='word_1_159' title='bbox 209 1680 396 1733; x_wconf 78' lang='lat' dir='ltr'>eliciunt,</span> <span class='ocrx_word' id='word_1_160' title='bbox 435 1681 490 1719; x_wconf 88' lang='lat' dir='ltr'>uti</span> <span class='ocrx_word' id='word_1_161' title='bbox 531 1679 698 1721; x_wconf 72' lang='lat' dir='ltr'>Glitium</span> <span class='ocrx_word' id='word_1_162' title='bbox 727 1681 859 1721; x_wconf 90' lang='lat' dir='ltr'>multis</span> <span class='ocrx_word' id='word_1_163' title='bbox 894 1679 1071 1720; x_wconf 86' lang='lat' dir='ltr'>solemne</span> <span class='ocrx_word' id='word_1_164' title='bbox 1101 1680 1157 1722; x_wconf 91' lang='lat' dir='ltr'>est</span> <span class='ocrx_word' id='word_1_165' title='bbox 1174 1679 1239 1734; x_wconf 73' lang='lat'>⁷²).</span> 
     </span>
    </p>
   </div>
   <div class='ocr_carea' id='block_1_3' title="bbox 204 1761 1745 2173">
    <p class='ocr_par' dir='ltr' id='par_1_4' title="bbox 204 1761 1745 2173">
     <span class='ocr_line' id='line_1_22' title="bbox 342 1761 1745 1819; baseline 0.006 -18"><span class='ocrx_word' id='word_1_166' title='bbox 342 1761 534 1802; x_wconf 82' lang='lat' dir='ltr'>Pabulum</span> <span class='ocrx_word' id='word_1_167' title='bbox 565 1763 745 1801; x_wconf 86' lang='lat' dir='ltr'>cicuratis</span> <span class='ocrx_word' id='word_1_168' title='bbox 776 1764 874 1802; x_wconf 81' lang='lat' dir='ltr'>meis</span> <span class='ocrx_word' id='word_1_169' title='bbox 917 1763 1193 1804; x_wconf 81' lang='lat' dir='ltr'>ufitatissimum</span> <span class='ocrx_word' id='word_1_170' title='bbox 1235 1764 1311 1804; x_wconf 82' lang='lat' dir='ltr'>fuit</span> <span class='ocrx_word' id='word_1_171' title='bbox 1352 1767 1543 1816; x_wconf 82' lang='lat' dir='ltr'>triticum,</span> <span class='ocrx_word' id='word_1_172' title='bbox 1594 1768 1745 1819; x_wconf 86' lang='lat' dir='ltr'>secale,</span> 
     </span>
     <span class='ocr_line' id='line_1_23' title="bbox 208 1831 1745 1890; baseline 0.003 -18"><span class='ocrx_word' id='word_1_173' title='bbox 208 1833 515 1883; x_wconf 47' lang='lat' dir='ltr'>avena„panis.</span> <span class='ocrx_word' id='word_1_174' title='bbox 590 1831 746 1873; x_wconf 82' lang='lat' dir='ltr'>Herbas</span> <span class='ocrx_word' id='word_1_175' title='bbox 778 1833 960 1884; x_wconf 80' lang='lat' dir='ltr'>insipidas</span> <span class='ocrx_word' id='word_1_176' title='bbox 1001 1834 1038 1873; x_wconf 60' lang='grc' dir='ltr'>ὃς</span> <span class='ocrx_word' id='word_1_177' title='bbox 1064 1836 1282 1874; x_wconf 84' lang='lat' dir='ltr'>teneriores</span> <span class='ocrx_word' id='word_1_178' title='bbox 1311 1847 1449 1875; x_wconf 87' lang='lat' dir='ltr'>omnes</span> <span class='ocrx_word' id='word_1_179' title='bbox 1477 1837 1745 1890; x_wconf 85' lang='lat' dir='ltr'>depasceban.</span> 
     </span>
     <span class='ocr_line' id='line_1_24' title="bbox 207 1894 1745 1957; baseline 0.005 -16"><span class='ocrx_word' id='word_1_180' title='bbox 207 1912 288 1951; x_wconf 82' lang='lat' dir='ltr'>tur,</span> <span class='ocrx_word' id='word_1_181' title='bbox 327 1902 534 1954; x_wconf 80' lang='lat' dir='ltr'>proesertim</span> <span class='ocrx_word' id='word_1_182' title='bbox 572 1902 825 1954; x_wconf 75' lang='lat' dir='ltr'>Polygonum</span> <span class='ocrx_word' id='word_1_183' title='bbox 861 1905 1082 1954; x_wconf 85' lang='lat' dir='ltr'>aviculare,</span> <span class='ocrx_word' id='word_1_184' title='bbox 1120 1904 1305 1953; x_wconf 84' lang='lat' dir='ltr'>Trifolia,</span> <span class='ocrx_word' id='word_1_185' title='bbox 1354 1904 1533 1957; x_wconf 79' lang='lat' dir='ltr'>cytisos,</span> <span class='ocrx_word' id='word_1_186' title='bbox 1577 1894 1745 1950; x_wconf 84' lang='lat' dir='ltr'>Robini-</span> 
     </span>
     <span class='ocr_line' id='line_1_25' title="bbox 207 1973 1744 2026; baseline 0.005 -14"><span class='ocrx_word' id='word_1_187' title='bbox 207 1986 265 2012; x_wconf 82' lang='lat' dir='ltr'>am</span> <span class='ocrx_word' id='word_1_188' title='bbox 297 1973 573 2022; x_wconf 82' lang='lat' dir='ltr'>fruticantem,</span> <span class='ocrx_word' id='word_1_189' title='bbox 610 1973 942 2026; x_wconf 74' lang='lat' dir='ltr'>Tetradynamas,</span> <span class='ocrx_word' id='word_1_190' title='bbox 972 1984 1049 2015; x_wconf 88' lang='lat' dir='ltr'>cet.</span> <span class='ocrx_word' id='word_1_191' title='bbox 1159 1975 1202 2014; x_wconf 90' lang='lat' dir='ltr'>In</span> <span class='ocrx_word' id='word_1_192' title='bbox 1245 1975 1381 2015; x_wconf 85' lang='lat' dir='ltr'>Sibiria</span> <span class='ocrx_word' id='word_1_193' title='bbox 1417 1979 1598 2018; x_wconf 86' lang='lat' dir='ltr'>orientali</span> <span class='ocrx_word' id='word_1_194' title='bbox 1625 1981 1744 2021; x_wconf 83' lang='lat' dir='ltr'>etiam</span> 
     </span>
     <span class='ocr_line' id='line_1_26' title="bbox 206 2043 1741 2094; baseline 0.005 -11"><span class='ocrx_word' id='word_1_195' title='bbox 206 2045 348 2084; x_wconf 85' lang='lat' dir='ltr'>baccas</span> <span class='ocrx_word' id='word_1_196' title='bbox 386 2043 586 2094; x_wconf 71' lang='lat' dir='ltr'>Empetri,</span> <span class='ocrx_word' id='word_1_197' title='bbox 623 2043 726 2083; x_wconf 83' lang='lat' dir='ltr'>Uvae</span> <span class='ocrx_word' id='word_1_198' title='bbox 765 2045 839 2085; x_wconf 85' lang='lat' dir='ltr'>ursi</span> <span class='ocrx_word' id='word_1_199' title='bbox 878 2045 916 2084; x_wconf 87' lang='lat'>&amp;</span> <span class='ocrx_word' id='word_1_200' title='bbox 948 2047 1097 2086; x_wconf 87' lang='lat' dir='ltr'>radices</span> <span class='ocrx_word' id='word_1_201' title='bbox 1138 2048 1261 2086; x_wconf 79' lang='lat' dir='ltr'>varias</span> <span class='ocrx_word' id='word_1_202' title='bbox 1306 2048 1343 2086; x_wconf 92' lang='lat' dir='ltr'>in</span> <span class='ocrx_word' id='word_1_203' title='bbox 1381 2049 1608 2090; x_wconf 84' lang='lat' dir='ltr'>alimentum</span> <span class='ocrx_word' id='word_1_204' title='bbox 1645 2063 1741 2091; x_wconf 88' lang='lat' dir='ltr'>con-</span> 
     </span>
     <span class='ocr_line' id='line_1_27' title="bbox 204 2114 1740 2173; baseline 0.006 -18"><span class='ocrx_word' id='word_1_205' title='bbox 204 2116 363 2167; x_wconf 90' lang='lat' dir='ltr'>quirunt</span> <span class='ocrx_word' id='word_1_206' title='bbox 400 2114 438 2154; x_wconf 88' lang='lat'>&amp;</span> <span class='ocrx_word' id='word_1_207' title='bbox 482 2115 583 2155; x_wconf 88' lang='lat' dir='ltr'>nidis</span> <span class='ocrx_word' id='word_1_208' title='bbox 614 2115 809 2168; x_wconf 85' lang='lat' dir='ltr'>ingerunt.</span> <span class='ocrx_word' id='word_1_209' title='bbox 884 2115 990 2155; x_wconf 84' lang='lat' dir='ltr'>Raro</span> <span class='ocrx_word' id='word_1_210' title='bbox 1030 2116 1236 2167; x_wconf 79' lang='lat' dir='ltr'>sitiebant,</span> <span class='ocrx_word' id='word_1_211' title='bbox 1280 2117 1318 2157; x_wconf 65' lang='grc' dir='ltr'>δε</span> <span class='ocrx_word' id='word_1_212' title='bbox 1356 2120 1555 2173; x_wconf 85' lang='lat' dir='ltr'>denegato</span> <span class='ocrx_word' id='word_1_213' title='bbox 1594 2121 1740 2164; x_wconf 80' lang='lat' dir='ltr'>diutius</span> 
     </span>
    </p>
   </div>
   <div class='ocr_carea' id='block_1_4' title="bbox 197 2251 1741 2397">
    <p class='ocr_par' dir='ltr' id='par_1_5' title="bbox 197 2251 1741 2397">
     <span class='ocr_line' id='line_1_28' title="bbox 242 2251 1741 2296; baseline 0.007 -15"><span class='ocrx_word' id='word_1_214' title='bbox 242 2252 274 2288; x_wconf 69' lang='lat' dir='ltr'>n)</span> <span class='ocrx_word' id='word_1_215' title='bbox 299 2251 443 2287; x_wconf 84' lang='lat' dir='ltr'>Sciurus,</span> <span class='ocrx_word' id='word_1_216' title='bbox 469 2260 561 2291; x_wconf 81' lang='lat' dir='ltr'>quem</span> <span class='ocrx_word' id='word_1_217' title='bbox 591 2260 759 2281; x_wconf 74' lang='lat' dir='ltr'>xomno</span> <span class='ocrx_word' id='word_1_218' title='bbox 792 2252 947 2284; x_wconf 67' lang='lat' dir='ltr'>referente</span> <span class='ocrx_word' id='word_1_219' title='bbox 997 2254 1141 2285; x_wconf 77' lang='lat' dir='ltr'>dentibus</span> <span class='ocrx_word' id='word_1_220' title='bbox 1163 2253 1292 2291; x_wconf 77' lang='lat' dir='ltr'>collisis,</span> <span class='ocrx_word' id='word_1_221' title='bbox 1321 2264 1411 2296; x_wconf 83' lang='lat' dir='ltr'>quam</span> <span class='ocrx_word' id='word_1_222' title='bbox 1430 2257 1525 2289; x_wconf 82' lang='lat' dir='ltr'>cauda</span> <span class='ocrx_word' id='word_1_223' title='bbox 1550 2257 1657 2290; x_wconf 86' lang='lat' dir='ltr'>sonum</span> <span class='ocrx_word' id='word_1_224' title='bbox 1673 2260 1741 2292; x_wconf 77' lang='lat' dir='ltr'>ede-</span> 
     </span>
     <span class='ocr_line' id='line_1_29' title="bbox 201 2301 1287 2345; baseline 0.004 -13"><span class='ocrx_word' id='word_1_225' title='bbox 201 2302 307 2345; x_wconf 73' lang='lat' dir='ltr'>Belgae</span> <span class='ocrx_word' id='word_1_226' title='bbox 331 2303 367 2333; x_wconf 84' lang='lat' dir='ltr'>ad</span> <span class='ocrx_word' id='word_1_227' title='bbox 396 2302 644 2333; x_wconf 56' lang='lat' dir='ltr'>promontorium</span> <span class='ocrx_word' id='word_1_228' title='bbox 667 2303 699 2332; x_wconf 92' lang='lat' dir='ltr'>B.</span> <span class='ocrx_word' id='word_1_229' title='bbox 724 2301 795 2342; x_wconf 84' lang='lat' dir='ltr'>Spei</span> <span class='ocrx_word' id='word_1_230' title='bbox 827 2303 946 2335; x_wconf 84' lang='lat' dir='ltr'>Murem</span> <span class='ocrx_word' id='word_1_231' title='bbox 998 2315 1046 2343; x_wconf 83' lang='lat' dir='ltr'>re,</span> <span class='ocrx_word' id='word_1_232' title='bbox 1073 2304 1219 2336; x_wconf 79' lang='lat' dir='ltr'>credibile</span> <span class='ocrx_word' id='word_1_233' title='bbox 1234 2304 1287 2339; x_wconf 86' lang='lat' dir='ltr'>est,</span> 
     </span>
     <span class='ocr_line' id='line_1_30' title="bbox 197 2351 945 2397; baseline 0.003 -12"><span class='ocrx_word' id='word_1_234' title='bbox 197 2354 356 2393; x_wconf 84' lang='lat' dir='ltr'>stridulum</span> <span class='ocrx_word' id='word_1_235' title='bbox 375 2351 593 2396; x_wconf 79' lang='lat' dir='ltr'>(Ratelmaus)</span> <span class='ocrx_word' id='word_1_236' title='bbox 628 2355 801 2397; x_wconf 69' lang='lat' dir='ltr'>appellant,</span> <span class='ocrx_word' id='word_1_237' title='bbox 838 2355 945 2393; x_wconf 78' lang='lat' dir='ltr'>potius</span> 
     </span>
    </p>
   </div>
  </div>
 </body>
</html>
