2032 2630
730 220 831 257 mvs
882 220 1152 259 TAmevs
1256 262 1257 265 Ἴ
1642 237 1712 274 ,79

174 333 257 364 non
273 316 500 373 possent,
509 320 630 360 nimio
669 331 807 360 eorum
844 321 1093 361 incremento
1139 321 1298 362 tandem
1346 325 1570 376 perierunt,
1615 339 1711 367 con-

173 392 365 433 firmatum
401 391 567 443 legimus
605 392 645 430 in
681 385 857 436 Diario
893 390 1142 433 Berolincnfi
1197 386 1443 452 (Jomnal
1481 389 1712 442 litteraire

180 465 352 524 1775.
391 454 514 518 Maj.
551 453 705 522 sz.)

307 544 388 586 Iam
425 545 494 585 sub
532 543 653 585 finem
692 543 830 584 Martii
868 545 935 584 vel
968 544 1113 596 Aprilis
1150 547 1262 585 initio
1289 559 1480 589 venerem
1521 540 1729 593 exercent'

171 614 236 656 M.
274 617 432 668 talpini,
471 627 604 667 eoque
643 624 824 666 tempore
863 615 1056 666 glandulae
1102 616 1205 656 circa
1249 619 1455 670 genitalia,
1501 621 1709 671 praesertim

169 688 212 727 ‘in
249 686 441 736 foeminis,
493 685 736 726 fortiffimum
786 684 952 726 odorem
995 686 1263 737 zibethicum‚
1309 690 1466 738 qualem
1508 690 1593 731 fere
1638 692 1710 732 So-'

171 759 260 799 ricis
297 758 487 797 moschati
525 758 670 805 cauda,
720 755 916 803 fundunt3
963 769 1058 796 anus
1102 770 1191 797 cum
1238 759 1361 798 vulva
1405 765 1606 802 communi
1650 773 1710 804 tu-

169 839 281 870 more
318 827 577 882 glandu10s0‚
615 827 724 867 olido
749 828 970 879 prominet,
1005 839 1124 879 quem
1154 830 1270 868 etiam
1300 831 1539 881 graviditatis
1573 835 1708 883 initio3

169 908 293 952 quum
345 898 572 953 turgescunt
621 897 699 949 jam
735 910 938 948 mammae,
992 897 1195 950 persistere
1241 900 1462 941 observavi.
1545 903 1709 946 Catulos

168 978 246 1010 tres
282 970 351 1010 vel
387 978 557 1023 quatuor
592 970 769 1022 pariunt;
807 980 855 1008 an
892 970 981 1021 plus
1019 980 1136 1020 quam
1172 969 1294 1010 semel
1340 973 1379 1010 in
1425 985 1553 1024 anno,
1600 975 1707 1016 haud

167 1039 344 1085 dixerim.
416 1039 519 1080 Non
556 1039 648 1080 sane
684 1039 852 1080 multum
889 1040 1107 1092 pullulant,
1143 1052 1276 1093 neque
1321 1043 1450 1084 adhuc
1495 1046 1533 1084 in
1578 1048 1707 1099 regio-

166 1112 307 1162 nibus,
352 1123 448 1162 quas
495 1117 717 1161 occupant,
764 1122 903 1162 parum
950 1112 1086 1161 cultis,
1137 1113 1247 1151 noxii
1295 1113 1563 1157 observantur.
1660 1117 1706 1158 In

166 1182 380 1222 Germania
434 1183 540 1222 enim
593 1181 696 1220 hanc
744 1179 823 1220 effe
868 1181 1065 1235 speciem,
1121 1194 1207 1233 quae
1250 1183 1320 1224 sub
1365 1187 1527 1225 nomine
1574 1187 1704 1230 Muris

164 1251 315 1294 foss'orii
353 1243 674 1312 (Riiutmaus)
712 1251 968 1306 nocetQJ‘am
1004 1264 1088 1292 non
1124 1252 1318 1303 sustineo,
1343 1254 1382 1295 &
1425 1255 1560 1298 afferui
1597 1261 1703 1311 prius

163 1324 414 1365 similitudine
461 1324 709 1363 cumulorum
754 1324 969 1374 deceptus,
1014 1336 1115 1376 quos
1159 1326 1293 1376 potius
1337 1325 1436 1377 Mus
1482 1330 1704 1380 ampliibius

163 1396 205 1436 in
240 1394 363 1435 hortis
402 1392 693 1434 Germanorum
730 1392 778 1432 ad
808 1395 1038 1444 quaerendas
1066 1394 1217 1435 radices
1234 1386 1402 1452 {fodiens
1440 1399 1579 1449 efficit,
1618 1403 1702 1452 qui-

163 1477 243 1518 que
280 1464 380 1518 saepe
423 1464 511 1505 satis
555 1463 697 1504 similes
743 1463 833 1505 sunt
877 1463 1008 1505 Muris
1052 1466 1189 1516 talpini
1233 1467 1445 1509 laboribus.
1530 1471 1702 1514 Videtur

162 1532 264 1578 Mus
305 1536 477 1588 talpinus
520 1535 623 1576 circa
667 1533 863 1576 Uralense
905 1535 1042 1589 jugum
1086 1537 1248 1587 primam
1286 1540 1445 1590 patriam
1502 1541 1703 1594 habuiffe,

161 1609 204 1648 in
241 1598 352 1658 cujus
397 1606 721 1647 clementioribus
769 1606 938 1647 collibus
983 1606 1203 1647 hodiedum
1250 1609 1459 1660 praesertim
1505 1613 1701 1670 abundat,

162 1677 338 1731 indeque
374 1677 549 1731 speciem
586 1676 841 1718 occidentem
879 1677 1025 1733 versus?
1048 1678 1174 1732 spargi
1209 1679 1371 1721 flumina
1416 1681 1520 1723 forte
1567 1685 1700 1736 prohi-

160 1748 346 1789 buerunt.
884 1771 903 1786 ο

307 1824 523 1873 Varietas
559 1832 599 1868 in
635 1830 710 1869 hac
748 1829 878 1880 specie
905 1838 1054 1870 tantum
1083 1832 1214 1882 quoad
1242 1834 1419 1873 colorem
1447 1835 1697 1886 observatur,

161 1902 304 1943 eadem
356 1898 466 1948 fere,
521 1911 635 1950 quarn
685 1900 720 1937 in
768 1897 891 1937 Mure
939 1902 1058 1939 arvali
1117 1902 1333 1942 delineavit
1385 1916 1695 1958 viromvs,

155 1972 358 2025 'quamque
397 1971 435 2009 in
475 1967 537 2008 M.
578 1966 767 2010 Musculo
805 1970 905 2021 saepe
944 1970 1174 2021 observavi,
1219 1973 1256 2012 ἃ
1291 1974 1330 2012 in
1368 1973 1529 2017 Criceto
1578 1986 1697 2029 atque

159 2042 227 2084 M.
267 2040 467 2092 amphibio
506 2039 616 2091 supra
655 2040 830 2091 exposui.
916 2040 1087 2093 Nempe·
1130 2056 1151 2082 a
1195 2043 1310 2085 solito
1357 2048 1493 2086 colore
1538 2051 1694 2091 murino

161 2115 386 2154 aberrantes
425 2109 682 2150 observantur
725 2105 817 2154 toti
855 2106 977 2168 atrl}
1024 2111 1220 2164 hujusque
1264 2116 1462 2157 varietatis
1501 2117 1565 2171 (in
1596 2120 1694 2162 Rus-

159 2183 213 2227 fia
255 2182 428 2230 rarioris,
474 2181 511 2219 in
560 2180 792 2220 lsetenssbus
845 2193 945 2221 vero
1000 2186 1146 2235 campis
1194 2185 1232 2224 δε
1276 2187 1416 2238 apricis
1460 2187 1570 2229 Urali
1617 2192 1695 2233 fre-

160 2249 434 2308 quentiffimae)
473 2252 626 2302 aliquos
664 2251 872 2292 observavi
909 2253 1018 2294 labiis
1063 2255 1139 2295 oris
1187 2258 1225 2295 &
1279 2257 1427 2298 lineola
1472 2260 1692 2305 abdominis

159 2336 249 2368 ante
303 2322 487 2378 genitalia
540 2323 838 2376 longitudinali,
893 2324 988 2366 albis
1040 2325 1250 2368 notabiles.
1348 2329 1609 2382 Aliquantum
1653 2335 1691 2376 &
