2032 2630
396 204 706 243 SCIVRORVM
731 204 942 239 SPECIES
963 204 1224 246 QVAEDAM
1245 206 1625 243 ILLVSTRATAE.
1705 215 1774 253 373

241 312 365 356 caput
398 312 525 345 totum
560 316 651 345 cum
687 305 893 354 auriculis,
946 305 1071 355 pedes
1120 303 1366 356 caudamque
1406 303 1485 356 jam
1529 304 1637 355 rufa,
1680 304 1774 345 dum

244 374 283 413 in
328 375 483 425 reliquo
529 387 698 426 corpore
745 375 902 425 supino>
923 376 1026 427 pilos
1063 374 1171 416 rufos
1209 376 1358 427 ubique
1395 375 1464 417 sub
1502 377 1669 416 cinereis
1707 375 1774 416 ad.

243 443 324 484 huc
362 445 543 485 latentes.

382 514 484 555 Cum
523 516 636 566 supra
664 516 886 554 memoratis
925 516 961 555 d.
999 515 1084 554 XII.
1123 515 1345 566 Septembr.
1384 515 1508 564 caefis,
1561 517 1676 556 etiam
1714 519 1772 557 vi-

241 594 315 623 vus
353 584 502 625 adlatus
546 585 621 627 fuit
656 585 836 634 sciurus,
883 594 988 625 totus
1026 587 1156 635 rufus,
1203 599 1321 636 quem
1360 588 1398 626 in
1436 586 1574 638 tepido
1613 590 1774 627 concla-

241 655 282 692 vi
319 653 530 704 affervavi3
575 657 668 697 huic
705 658 807 696 circa
850 655 922 694 IV.
963 655 1126 695 Offirobr.
1175 656 1334 696 demum
1373 662 1455 697 to'ta
1491 659 1667 708 corporis
1703 670 1773 708 pe-

241 723 417 776 dumque
457 726 595 777 supera
629 726 666 765 &
703 735 867 766 externa
903 725 1049 775 facies,
1086 736 1227 766 vertex
1256 728 1358 766 inter
1391 740 1526 776 aures,
1562 729 1774 768 oculorum

237 796 348 845 regio
393 796 430 835 &
471 798 624 837 initium
665 797 798 836 caudae
843 796 1083 836 cinerascere
1131 798 1398 848 increpemur,
1451 797 1489 837 &
1533 810 1654 848 quum
1697 798 1770 837 IV.

236 862 466 906 Novembr.
512 876 688 907 mortuus
728 864 847 915 esset,
900 870 1028 906 totum
1065 879 1209 918 corpus
1241 868 1353 915 supra
1387 868 1472 908 satis
1513 868 1678 909 obscure
1717 870 1769 908 ci-

235 947 422 986 nereum,
458 936 583 988 pedes
615 938 818 988 plurimam
848 945 998 987 partem
1034 938 1165 978 adhuc
1203 937 1275 976 rufi
1310 936 1392 991 <uti
1425 939 1556 977 multis
1585 947 1669 978 tota
1697 939 1770 990 hy-

236 1018 324 1046 eme
361 1006 572 1059 manent),
606 1009 854 1058 multumque
890 1005 1081 1047 rufedinis
1112 1008 1214 1048 circa
1252 1007 1395 1048 faciem
1423 1008 1460 1047 δε
1488 1020 1599 1048 aures
1635 1009 1768 1060 super-

234 1086 337 1125 erat3
391 1079 524 1119 caudae
565 1079 651 1119 villi
693 1077 772 1118 bafi
810 1078 1132 1128 cinerascentes,
1175 1088 1352 1120 extremo
1386 1079 1612 1119 rufescente
1645 1079 1766 1131 fusci,

234 1149 464 1201 auriumque
500 1149 679 1199 penicilli
714 1149 826 1200 nigri.

371 1218 435 1260 Ex
468 1220 527 1260 his
560 1219 646 1259 satis
677 1226 840 1270 apparet
875 1220 1069 1261 variabilis
1103 1222 1216 1261 color
1247 1219 1285 1260 &
1314 1219 1538 1261 inconstans
1573 1223 1762 1262 terminus

231 1290 478 1342 modusque,
515 1303 596 1341 quo
635 1291 816 1331 cinereus
841 1290 930 1330 rufo
955 1290 1144 1331 succedit.
1219 1291 1390 1331 Locales
1417 1292 1625 1332 varietates
1655 1305 1762 1332 nunc

232 1362 396 1400 ulterius
437 1361 728 1412 persequamur.
766 1361 804 1399 A
842 1360 1004 1411 Ieniseja
1047 1360 1087 1400 fl.
1126 1363 1323 1402 orientem
1356 1362 1511 1410 versus,
1548 1364 1587 1402 in
1622 1363 1764 1402 borea-

230 1432 332 1471 libus
372 1430 602 1471 Ieniseensis
651 1431 889 1481 provinciae,
941 1440 985 1470 ut
1025 1434 1063 1470 δι
1106 1433 1146 1471 in
1180 1433 1330 1483 Alpino
1374 1431 1497 1471 tractu
1542 1433 1589 1471 ab
1636 1432 1762 1473 austro

232 1501 407 1541 Sibi1·1am
446 1501 680 1550 claudente„
717 1501 872 1552 plurimi
913 1500 1038 1541 Sciuri
1076 1504 1195 1554 magis
1233 1504 1434 1554 magisque
1467 1501 1692 1554 nigrescunt
1727 1503 1766 1542 &

233 1572 442 1625 praesertim
482 1572 584 1611 circa
616 1571 821 1611 Baikalem
859 1573 897 1610 δε
928 1572 1170 1622 superiorem
1208 1573 1430 1625 Angaram,
1480 1574 1602 1624 inque
1657 1576 1765 1624 alpe-

230 1642 367 1683 stribus
402 1644 504 1683 inter
548 1642 759 1694 Sclengam
791 1641 828 1680 &
870 1642 1099 1695 Arguimur,
1137 1651 1180 1682 ut
1227 1646 1264 1682 <Sc
1306 1644 1345 1681 in
1380 1645 1495 1682 -ornni
1539 1644 1660 1684 traciu
1690 1644 1768 1684 Le-

233 1726 291 1754 nae
333 1712 373 1752 fl.
424 1724 562 1752 omnes
606 1711 733 1751 aestate
772 1722 985 1752 occurrunt
1020 1713 1210 1761 brunnei,
1263 1713 1331 1753 seu
1364 1712 1578 1766 fuliginoso
1610 1742 1627 1749 -
1657 1714 1763 1754 rufe-

233 1785 410 1832 scentes,
454 1784 534 1821 imo
572 1784 721 1822 vellere
769 1783 926 1833 penitus
962 1781 1073 1822 fusco
1111 1784 1348 1836 nigricante,
1398 1784 1573 1834 apicibus
1607 1794 1773 1832 tantum.

232 1855 403 1906 pilorum
433 1851 548 1906 rufis,
587 1853 719 1893 caudis
747 1853 856 1901 atris,
896 1852 1051 1898 nitidi33
1086 1862 1204 1904 atque
1231 1854 1379 1904 hyeme
1416 1866 1575 1903 omnes,
1611 1855 1758 1896 eodem

237 1925 343 1973 fere,
394 1933 438 1963 ut
476 1923 589 1975 supra
629 1921 678 1962 de
728 1923 953 1975 vulgaribus
991 1922 1136 1963 dierum
1173 1922 1251 1973 est,
1292 1933 1495 1976 tempore,
1537 1926 1759 1977 eademque

236 1993 516 2043 inconstantia,
565 1983 631 2051 fll
656 2003 705 2038 CO
729 2018 744 2025 -
784 1987 956 2037 cinereo
1000 1994 1067 2034 seu
1103 1986 1311 2052 plumbeo
1357 2003 1555 2036 mutantur
1599 1998 1758 2036 colore:

234 2078 318 2117 quae
355 2065 482 2117 pelles
518 2065 559 2102 in
597 2063 817 2103 denfiffimis
855 2062 1082 2115 alpestribus
1118 2064 1258 2115 sylvis,
1296 2064 1467 2105 Cembra
1492 2066 1529 2106 &
1554 2068 1634 2107 aliis
1671 2079 1761 2108 ace-

234 2135 326 2176 rosis
371 2135 646 2186 frequentibus
689 2135 856 2174 maxime
903 2134 1106 2181 colleciae⁹
1162 2135 1266 2187 apud
1302 2135 1521 2188 Europaeos
1567 2140 1759 2187 maxime,

234 2207 302 2247 sed
328 2218 350 2245 a
371 2198 635 2246 Chinen'sibus
662 2217 798 2258 parum
824 2203 1077 2255 aestimantur,
1116 2218 1329 2257 earumque
1358 2209 1516 2257 caudae,
1553 2209 1606 2249 ob
1633 2208 1759 2261 splen-

235 2277 363 2318 didam
400 2276 670 2330 nigredinem,
708 2275 756 2317 ad
793 2275 1063 2329 praetexendas
1101 2275 1230 2317 vestes
1267 2277 1514 2319 adhibentur.

953 2346 981 2385 Β
1020 2347 1044 2386 b
1081 2345 1106 2386 b
