2032 2630
815 195 1034 232 SCIVRVS
1061 195 1274 230 VOLANS.
1728 203 1800 240 25⁹

268 292 367 343 stet,
406 292 516 345 quod
548 292 617 332 vix
654 293 694 332 in
736 293 808 334 alia
845 293 1103 346 quadrupede
1157 293 1409 335 observatum
1455 290 1535 334 esse
1577 291 1712 333 credo.
1744 311 1796 319 —-

268 363 463 405 Caeterum
507 361 723 404 mordaculi
761 364 850 404 sunt
885 364 1009 405 Sciuri
1051 367 1254 414 volantes,
1303 364 1372 405 sed
1413 366 1503 404 vitae
1551 364 1793 410 tenerrimae,

266 433 374 475 unde
412 433 587 474 ratissirne
635 434 719 473 vivi
752 434 984 485 Petropolin
1027 435 1147 476 delati
1182 434 1318 482 fuere;
1352 436 1392 474 in
1428 435 1656 486 captivitate
1689 434 1798 474 enim

266 500 451 544 leviffima
490 516 512 544 e
555 504 668 544 causa
715 506 957 552 moriuntur3
1010 506 1216 558 praesertim
1252 505 1344 557 quia
1389 506 1578 556 pabulum
1620 516 1703 545 non
1740 503 1797 543 sa-

267 575 315 614 tis
350 583 495 616 naturae
530 575 832 616 accomodatum
866 576 1045 615 exhiberi
1077 575 1221 627 potest.
1314 574 1467 615 Sedent
1502 574 1541 615 &
1582 573 1800 622 incedunt,

264 646 508 699 conglobato
543 645 629 685 satis
667 654 830 696 trunco,
868 647 993 686 cauda
1029 647 1098 686 vel
1120 647 1223 686 circa
1250 645 1388 686 clunes
1426 646 1676 686 circinnato.
1697 655 1797 684 con-

268 724 373 756 torta
407 717 476 756 vel
512 717 552 756 in
590 715 746 756 dorsum
782 715 931 755 reflexa
967 715 1004 755 &
1040 715 1142 756 arcte
1182 716 1387 767 adplicata.
1476 715 1616 755 Palmis
1662 716 1798 754 lavant

267 785 306 825 &
324 785 512 836 pabulum
541 786 598 824 ori
625 785 843 826 admovent
870 786 1052 826 clunibus
1078 785 1316 835 insidentes,
1347 785 1431 826 fere
1457 794 1500 826 ut
1518 784 1655 826 Sciuri.
1695 778 1795 827 Cla-

264 865 362 902 mor
384 855 582 896 rariffimus
608 853 779 904 doloris,
806 857 1009 904 murinus;
1045 857 1220 898 iracundi
1246 864 1397 897 tantum
1415 855 1619 896 muffitant.

406 925 572 967 Collatis
589 925 882 977 speciminibus,
899 939 986 978 quae
1004 928 1134 968 media
1148 928 1286 980 partim
1304 925 1448 977 aestate,
1465 927 1603 979 partim
1622 925 1800 966 Decem-

261 997 320 1036 bri
345 996 384 1037 &
409 997 588 1038 Ianuario
617 995 774 1037 effareta
799 997 894 1036 mibi
920 997 1037 1046 sunt,
1076 999 1145 1038 vix
1171 997 1287 1038 ullam
1313 998 1353 1036 in
1381 995 1587 1037 altitudine
1624 996 1663 1036 &
1698 995 1796 1036 den-

264 1066 375 1108 fitate
403 1061 606 1115 velleris,
643 1067 777 1119 quoad
815 1069 994 1108 colorem
1023 1080 1124 1109 vero
1158 1069 1321 1107 omnino
1354 1068 1500 1108 nullam
1530 1066 1796 1107 differentiam

261 1139 439 1179 invenio.
516 1132 674 1181 Gauda
701 1138 739 1177 in
768 1138 886 1189 pullis
912 1147 1037 1187 teres,
1079 1138 1218 1179 adultis
1244 1137 1417 1191 expanso
1444 1137 1662 1178 denfiffimo
1693 1136 1794 1178 villo

262 1208 308 1249 fit
331 1209 468 1260 plana,
501 1208 862 1260 circumscriptione
882 1209 1079 1262 oblonga,
1111 1210 1227 1250 latior
1250 1220 1367 1260 quam
1393 1209 1432 1249 in
1458 1207 1567 1249 Glire
1593 1208 1798 1248 Romano-

263 1291 373 1329 rum,
398 1291 519 1331 quem
545 1279 636 1318 alias
664 1280 817 1320 vellere
844 1281 964 1332 magis
979 1278 1158 1321 referunt
1174 1278 1299 1320 Sciuri
1317 1281 1523 1330 volantes,
1551 1290 1669 1330 quam
1686 1277 1798 1318 Sciu-

258 1363 344 1391 rum
371 1350 597 1402 vulgarem,
635 1351 815 1400 quamvis
842 1351 935 1391 huic
963 1349 1089 1390 forma
1116 1351 1253 1402 capitis
1280 1350 1318 1390 &
1342 1349 1479 1390 indole
1503 1349 1727 1399 similiores,
1756 1347 1795 1388 δε

259 1419 423 1462 Sciureo
447 1420 584 1473 generi
621 1421 786 1460 omnino
826 1421 1099 1472 relinquendi,
1147 1433 1168 1460 a
1204 1433 1285 1472 quo
1313 1419 1399 1460 Glis
1436 1419 1572 1460 habitu
1610 1419 1648 1460 &
1684 1429 1795 1460 natu-

264 1503 307 1531 ra
342 1492 493 1532 alienus
531 1488 599 1530 est.
635 1513 687 1519 —
793 1491 831 1530 A
869 1490 1006 1532 Sciuro
1044 1491 1264 1532 Volucella
1307 1490 1496 1531 differunt
1539 1489 1660 1530 nostri
1703 1498 1794 1533 ma-

256 1556 498 1625 gnitudine
535 1561 624 1612 plus
661 1569 746 1601 tota
781 1562 893 1602 tertia
928 1571 1038 1613 parte
1076 1561 1326 1608 excedente3
1363 1554 1509 1605 colore
1540 1572 1624 1601 non
1659 1560 1697 1599 in
1725 1559 1792 1599 fla.

259 1645 356 1674 vum
383 1632 624 1680 inclinante,
660 1630 727 1672 sed
760 1631 874 1684 supra
901 1632 1069 1673 candide
1102 1631 1367 1683 leucophaeo,
1411 1630 1544 1671 subtus
1581 1629 1794 1672 candidiffi-

261 1715 352 1753 mo,
391 1703 597 1753 caudaque
631 1701 744 1752 supra
767 1704 836 1742 vix
871 1701 984 1743 fusco
1016 1703 1257 1749 inumbrata3
1274 1691 1440 1760 forma
1477 1702 1614 1753 capitis
1649 1701 1793 1742 brevio

260 1785 302 1814 re
345 1772 383 1813 &
417 1772 666 1825 globofiorc3
709 1767 855 1816 Calida
888 1773 1073 1812 breviore
1105 1773 1357 1823 paucioribus
1395 1772 1591 1812 vertebris
1625 1783 1792 1824 compo-

259 1843 351 1894 sita,
397 1844 465 1883 vix
502 1841 699 1882 dimidiam
746 1844 923 1894 corporis
976 1843 1268 1895 longitudinem
1314 1840 1563 1890 excedente,
1613 1840 1708 1882 dum
1750 1843 1792 1882 in

258 1914 478 1955 Volucella
516 1912 564 1953 ad
606 1911 630 1960 {-
678 1913 858 1960 accedit3
903 1906 1044 1957 oculis
1086 1911 1179 1953 naso
1222 1912 1472 1965 propioribus
1517 1913 1667 1952 circulo
1712 1923 1793 1951 ma-

259 1987 315 2040 gis
333 1994 417 2025 atro
438 1982 596 2030 cinam
628 1984 787 2024 artubus
814 1985 950 2023 anticis
977 1983 1247 2033 brevioribus,
1275 1991 1313 2022 at
1341 1981 1499 2034 posticis
1517 1983 1620 2023 tibiis
1648 1980 1794 2035 (siqui.

263 2057 353 2097 dem
385 2055 761 2095 D'Aubentonianae
797 2053 986 2094 mensurae
1012 2066 1142 2093 errore
1178 2050 1348 2105 vacant)
1377 2053 1633 2107 longioribus.
1708 2052 1794 2092 Cae-

263 2136 390 2167 terum
422 2134 507 2166 tota
540 2124 858 2166 conformatione
878 2156 890 2175 ‚
928 2117 1126 2184 pellibus
1164 2123 1214 2163 ad
1239 2123 1397 2164 brachia
1421 2125 1459 2163 in
1495 2124 1636 2163 alulam
1679 2123 1789 2163 radio

262 2196 441 2238 tenfilem
481 2195 669 2244 dilatatis,
707 2189 927 2240 claricalis
953 2194 1082 2244 nudis,
1112 2195 1324 2244 brevibus,
1365 2193 1599 2242 latiusculis‚
1624 2187 1791 2252 palmis

263 2265 547 2319 tetradactylis,
596 2276 845 2318 numeroque
879 2264 1071 2307 costarum
1098 2264 1136 2305 &
1171 2265 1442 2306 vertebrarum
1478 2264 1725 2305 lumbarium.

952 2333 987 2376 Z
1023 2348 1047 2377 z
1083 2347 1105 2375 2
