1948 2630
182 207 251 249 576
343 200 642 235 SCIVRORVM
668 197 873 230 SPECIES
902 196 1160 235 QVAEDAM
1187 186 1570 232 ILLVSTRATAE.

184 300 384 346 cantibus,
419 296 544 337 cauda
573 294 653 335 bafi
681 296 860 342 cinerea,
894 293 988 332 hin:
1015 294 1252 346 nigricante,
1281 303 1460 334 extremo
1488 295 1596 345 alba,
1623 307 1717 347 prae-

186 382 244 412 ter
279 370 453 409 floccum
485 367 622 407 summi
655 367 776 417 apicis
806 365 970 416 nigrum.
1044 362 1079 402 E
1108 364 1250 414 quibus
1288 364 1404 404 facile
1437 367 1586 416 liquet,
1627 361 1720 409 Sci-

190 450 321 485 urum
353 432 590 498 fibl'Tl'c'llm
624 429 773 480 ιῖΠὴἸἨῖ
808 446 1076 474 BRISSONIO
1115 447 1186 486 pm
1225 434 1356 485 specie
1394 436 1586 488 positum,
1630 448 1716 476 me.

185 524 265 551 ram
305 508 501 561 ejusmodi
532 506 819 548 accidentalem
853 506 1083 546 varietatem
1121 503 1249 545 fuiss'e.

329 580 526 620 Caeterum
560 577 784 618 Sciurorum
821 577 1029 625 notabilis,
1065 575 1101 614 δε
1137 588 1220 616 non
1254 575 1340 616 satis
1374 589 1393 612 a
1427 574 1621 629 Zoologis
1654 577 1719 616 ad-

186 662 346 695 notatus
382 663 468 691 mos
509 650 682 689 innotuit
725 648 822 687 mihi
867 659 917 686 ex
957 646 1132 698 autopiia
1183 645 1221 686 &
1272 647 1530 686 venatoribus
1573 647 1718 687 Sibiriae

184 727 309 777 vulgo
341 731 462 763 notus
497 720 565 759 est.
638 719 800 759 Scilicet
832 718 940 770 quod
977 728 1187 765 autumno,
1222 717 1315 757 dum
1352 717 1534 768 pluviosa
1568 729 1721 768 tempe-

186 796 282 837 state
319 793 447 845 Fungi
485 792 582 832 varii
618 791 657 830 in
689 790 812 840 sylvis
848 789 1078 837 abundant,
1123 789 1295 840 agaricos
1335 789 1494 837 varios,
1541 801 1641 839 quos
1680 789 1720 828 in

187 867 338 908 deliciis
361 864 535 911 habent,
568 859 606 900 &
632 872 800 911 quorum
825 859 1087 909 praecipuum,
1126 857 1387 909 Lapponibus
1414 859 1529 898 etiam
1557 868 1717 907 notum,

185 940 226 978 in
265 929 405 980 Flora
442 928 588 990 Lapp.
621 935 665 989 p.
706 922 838 990 367.
875 927 1067 968 indicavit
1101 939 1387 977 L1NNAEvs,
1433 927 1596 980 copiose
1634 930 1719 968 col-

183 1011 327 1062 ligant,
365 1004 402 1044 &
438 1005 478 1043 in
504 1001 705 1042 arboribus
733 999 942 1052 praesertim
968 999 1065 1046 illis,
1100 999 1140 1037 in
1176 997 1318 1049 quibus
1343 999 1504 1048 nidum,
1540 1010 1613 1050 pro
1651 997 1722 1039 du-

186 1081 287 1120 obus
323 1077 500 1116 tribusve
537 1071 637 1123 saepe
664 1082 941 1119 communem,
977 1068 1221 1116 struxerunt,
1258 1070 1414 1109 corticis
1451 1070 1554 1109 rimis
1591 1068 1628 1109 &
1665 1082 1722 1109 ra-

186 1161 340 1191 morum
379 1146 498 1187 furcis
533 1143 603 1183 vel
639 1141 846 1193 praefraffis
885 1140 1061 1193 apicibus
1098 1139 1332 1180 inserant&
1368 1139 1554 1193 infigant,
1590 1149 1634 1179 ut
1671 1139 1720 1179 ad

185 1211 414 1274 hyemalem
452 1217 584 1257 cibum
621 1213 785 1253 siccatos
822 1212 994 1252 servent.
1031 1234 1081 1240 —
1155 1209 1306 1250 Contra
1328 1222 1428 1250 vero
1458 1212 1508 1251 de
1546 1211 1721 1250 celebra-

190 1303 228 1333 ta
261 1289 370 1331 aliisS
406 1289 602 1328 ciurorum
641 1284 895 1336 navigatione
933 1282 1038 1333 apud
1074 1280 1227 1322 nostros
1263 1283 1372 1321 nulla
1409 1282 1573 1321 mentio.

331 1357 680 1413 Quemadmodum
716 1353 918 1405 persuasus
939 1352 1065 1401 sum,
1103 1364 1243 1392 omnes
1270 1351 1361 1391 istos
1387 1352 1500 1404 supra
1533 1363 1725 1392 memora-

185 1445 248 1475 tos
291 1432 478 1479 Seium,
532 1428 679 1478 hyeme
722 1426 832 1464 vario
878 1424 997 1476 gradu
1045 1424 1254 1471 cinei-eos,
1307 1423 1377 1460 vel
1423 1421 1723 1462 accidentaliter

187 1506 313 1552 albos,
350 1499 469 1539 nostri
505 1497 691 1546 Europaei
729 1493 807 1534 esse
834 1495 1064 1540 varietates,
1101 1503 1235 1542 neque
1264 1504 1352 1532 cum
1382 1485 1721 1532 Americano'eti.

189 1588 248 1617 am
286 1571 414 1612 aestate
451 1571 612 1609 cinereo
651 1565 810 1613 Sciuro,
848 1566 974 1603 multo
1011 1563 1159 1612 majore
1198 1562 1236 1602 δε
1273 1564 1454 1603 auriculis
1480 1562 1725 1603 imberbibus

188 1643 413 1687 constanter
450 1639 605 1681 diverso
644 1635 831 1686 conjungi
870 1632 980 1685 poss'e
1017 1634 1161 1679 credo3
1212 1633 1264 1671 ita
1301 1643 1438 1673 contra
1481 1635 1599 1684 plane
1637 1646 1722 1673 non

189 1713 417 1757 concedere
463 1707 616 1762 possum
664 1701 870 1749 Scillfflm
915 1697 1203 1763 lullg'fhssllfllvl,
1262 1714 1383 1753 quem
1433 1715 1723 1743 FoRsTERvs·

191 1780 338 1846 (Aer.
379 1774 498 1841 angl.
533 1772 627 1822 vol.
662 1769 816 1819 LXII.
857 1779 902 1832 p.
946 1781 976 1834 3
1007 1765 1112 1829 ’8)
1150 1772 1189 1812 &
1227 1766 1445 1817 Celeberr.
1484 1775 1601 1813 etiam
1637 1785 1718 1813 Tu.

188 1864 436 1899 PENNANT
481 1851 626 1902 primus
663 1845 752 1898 post
788 1846 1047 1884 immortalem
1092 1855 1278 1894 RAJVM‚
1315 1844 1539 1895 Anglorum
1575 1843 1728 1884 solidus·

190 1930 399 1978 Zoologus
444 1916 583 1980 (Syn.
626 1912 787 1977 quadr.
826 1922 875 1974 p·
909 1913 1040 1967 280.
1077 1931 1110 1951 a·
1140 1906 1231 1957 tab.
1269 1906 1360 1962 26.
1389 1907 1601 1974 fig.1‚)
1643 1927 1718 1965 pro

187 2001 379 2041 varietate
410 1992 534 2032 Sciuri
559 1989 728 2041 vulgaris
765 1985 1003 2037 posuerunt,
1036 1983 1104 2024 sub
1132 1984 1206 2024 hac
1233 1983 1365 2035 specie
1400 1985 1565 2024 militare
1592 1984 1718 2036 posse,

187 2074 283 2111 licet
322 2067 452 2107 eidem
487 2062 656 2101 maxime
707 2058 856 2104 affinis,
914 2056 1030 2094 etiam
1072 2054 1280 2102 moribus,
1335 2055 1473 2106 utique
1524 2055 1717 2096 videatur.

188 2139 343 2191 Accepi
379 2144 553 2186 quatuor*
585 2143 607 2184 e
641 2127 879 2168 Labradoria
916 2127 954 2164 in
993 2126 1145 2164 exuviis
1176 2123 1339 2175 farftos,
1386 2126 1454 2176 qui
1483 2124 1725 2166 differentias

186 2210 301 2260 hujus
346 2206 491 2258 speciei
538 2203 624 2241 satis
668 2197 879 2238 evidenter
922 2194 1156 2244 monstrant,
1212 2194 1250 2234 &
1294 2196 1344 2236 de
1391 2196 1533 2246 quibus
1571 2195 1724 2246 adjecta

189 2280 378 2323 schedula
411 2283 569 2323 monet,
607 2268 718 2322 quod
745 2267 877 2308 cesti-vo
907 2267 1049 2320 pariter
1076 2278 1121 2306 ac
1146 2264 1320 2318 hyemali
1353 2276 1534 2317 tempore
1573 2265 1723 2306 eodem
