1948 2630
176 188 250 226 270
756 171 856 208 mvs
908 169 1191 208 soNGARVS.

180 277 266 318 tuit.
339 263 476 316 Pulli
512 270 609 312 licet
642 270 772 312 adhuc
809 270 928 320 coeci,
956 269 1034 322 jam
1079 269 1218 323 insigni
1261 278 1370 310 erant
1421 269 1714 323 magnitudine,

180 344 361 400 pondere
399 355 421 381 2
455 340 668 382 drachmar.
704 354 793 382 cum
835 351 877 391 15
911 352 1017 394 gran.
1057 342 1294 393 vellereque
1335 339 1489 392 vestiti,
1525 340 1563 380 δι
1596 341 1716 382 altera

180 416 305 458 statim
355 413 419 454 die
475 414 617 454 oculos
673 420 925 464 aperuerunt.
1030 410 1122 453 Hos
1174 410 1241 453 diu
1289 412 1407 451 vivos
1461 413 1562 461 alui,
1608 422 1712 464 pane

183 487 361 528 nutriens
395 483 433 524 &
475 483 687 525 seminibus
730 485 872 534 variis,
916 496 1002 535 quae
1064 495 1086 522 e
1135 482 1388 535 leguminofis
1448 482 1486 522 &
1539 482 1715 534 Polygo-

180 570 262 608 ΠΟ,
309 555 604 608 Atraphaxide,
646 555 876 607 Elymoque
917 554 1116 603 desumta,
1160 554 1302 606 quibus
1350 554 1468 593 etiam
1507 562 1714 604 captorum

181 630 362 672 sacculos
405 625 530 680 (saepe
555 627 672 666 ‘ultra
718 625 939 665 draciimaie
989 626 1147 677 pondus
1185 621 1389 676 collectis)
1440 623 1609 664 refertos
1649 624 1716 663 ali-

183 694 340 753 quoties
373 699 532 745 inveni,
568 699 737 738 maxime
783 710 910 738 amare
950 696 1020 737 visi
1062 695 1163 737 sunt.
1235 695 1466 735 Admodum
1505 693 1714 735 familiares

183 771 277 812 facti
313 770 424 818 sunt,
464 778 604 810 contra
636 770 877 819 reliquorum
923 768 1093 808 affinium
1137 779 1310 816 morem,
1344 775 1389 806 ut
1420 764 1569 805 tractari
1605 773 1715 818 pate-

181 851 341 891 rentur,
368 853 391 881 e
423 853 541 881 manu
576 839 859 887 comederent,
896 841 956 879 lac
991 839 1165 878 oblatum
1201 838 1422 878 lamberent
1455 837 1493 876 &
1526 837 1567 876 in
1604 847 1715 876 men-

182 915 261 956 sam
294 910 410 953 emiffi
451 922 653 962 nunquam
687 910 868 963 fugiendi
903 910 1022 950 ullam
1063 907 1290 960 cupidinem
1324 907 1596 948 monstrarent.
1669 906 1716 946 In

182 983 330 1024 Cistula
365 994 457 1022 cum
498 993 615 1022 arena
648 980 786 1021 inclusi
818 990 902 1020 tota
933 978 1020 1020 fere
1054 979 1118 1019 die
1151 978 1381 1028 fodiebant,
1412 979 1533 1028 idque
1570 978 1718 1017 summa

181 1057 377 1110 agilitate3
413 1055 504 1094 alias
537 1054 578 1092 in
613 1051 852 1093 ambulando
886 1053 1011 1092 multo
1045 1051 1235 1090 lentiores
1276 1049 1314 1090 δε
1360 1048 1408 1089 ad
1448 1060 1588 1090 omnes
1631 1059 1715 1087 mo-

181 1138 245 1168 tus
276 1126 413 1165 minus
441 1125 638 1177 prompti,
671 1135 788 1177 quam
820 1123 965 1164 affines.
1054 1121 1265 1162 Lavabant
1303 1121 1462 1174 palmis,
1501 1120 1717 1170 cibumque

183 1198 374 1240 sedentes>
419 1195 637 1244 rodebant,
675 1204 720 1236 ut
760 1195 893 1234 affines
935 1205 1087 1234 omnes.
1169 1192 1427 1245 vagabantur
1467 1191 1621 1241 semper
1660 1190 1716 1230 in-

183 1269 314 1311 terdiu
363 1266 402 1307 δι
449 1265 627 1319 vesperi,
683 1266 899 1307 intervallis
951 1265 1076 1318 quieti
1123 1262 1287 1313 relictis,
1327 1261 1447 1303 nocte
1488 1274 1588 1304 vero
1633 1269 1718 1301 tota

182 1340 397 1382 convoluti
449 1337 711 1379 dormiebant.
791 1336 891 1377 Vox
936 1349 1039 1385 rara,
1076 1347 1154 1375 nec
1195 1333 1265 1375 nifi
1306 1333 1507 1388 laceffitis,
1550 1342 1716 1383 tumque

181 1413 363 1465 pipiens,
400 1409 708 1461 Vespertitionis
735 1406 911 1448 adinstar.
983 1406 1110 1445 Vrina
1147 1405 1282 1446 crebra
1318 1404 1356 1444 &
1392 1404 1538 1444 foetida.
1635 1402 1718 1443 Sub

182 1482 359 1523 medium
386 1478 574 1532 Augusti,
608 1492 686 1529 prae
709 1480 956 1531 pinguedine
1000 1476 1190 1525 comesta,
1225 1476 1406 1528 plerique
1442 1476 1660 1527 perierunt.

266 1568 271 1573 ·
320 1549 607 1591 Distinetissima
640 1554 823 1590 caet'erum
865 1547 921 1589 est
953 1549 1056 1588 inter
1096 1547 1250 1596 affines,
1284 1547 1444 1596 colore,
1482 1545 1595 1599 striga
1627 1546 1718 1598 dor-

183 1623 271 1673 sali,
314 1624 411 1663 areis
446 1621 562 1671 albis,
596 1620 710 1661 fusco
744 1618 880 1660 cinctis
912 1610 1161 1668 lateralibus,
1194 1615 1318 1658 cauda
1349 1617 1588 1668 breviffima,
1621 1617 1720 1658 cras-

182 1694 244 1745 sa,
273 1693 412 1735 obtusa
447 1700 529 1733 cet.

718 1765 1202 1819 DESCRIPTio

473 1849 831 1903 MVRIS
903 1847 1433 1898 SONGARI.

626 1962 636 1971 ,
832 1931 904 1963 Tab.
928 1931 1027 1962 XVI.
1053 1931 1092 1962 Β.

317 1995 600 2062 Magnitudo
636 2001 756 2052 paulo
792 1998 892 2039 infra
925 1999 1200 2050 praecedentes
1237 1996 1276 2037 &
1305 1995 1444 2038 statura
1489 1996 1721 2043 brevissima.

326 2068 479 2132 Caput
521 2071 694 2120 cramus,
744 2069 868 2111 rostro
920 2068 1144 2118 obtufiore,
1201 2080 1318 2119 quam
1366 2069 1406 2107 in
1456 2068 1519 2108 M.
1582 2081 1719 2109 arena--

183 2146 262 2194 rio,
314 2143 399 2184 fere
450 2138 508 2183 utv
547 2143 587 2182 in
648 2141 713 2182 M.
780 2141 910 2193 phaeo.
981 2133 1226 2198 Mystaces
1293 2140 1423 2191 capite
1486 2140 1716 2195 breviores,

183 2223 347 2263 tenues,
379 2214 615 2254 creberrimi.
682 2205 831 2256 Labia
868 2208 1007 2260 crassa,
1030 2210 1115 2251 finu
1145 2211 1221 2251 oris
1251 2211 1363 2260 laxo,
1380 2204 1586 2271 filcculis
1620 2211 1720 2251 buc-

181 2297 312 2325 carum
359 2284 639 2337 respondente.
712 2278 894 2329 Dentes
929 2281 1120 2334 primores
1150 2280 1404 2323 lutescentes.
