1948 2630
206 157 256 200 84
458 151 525 185 DE
575 149 780 184 GENERE
824 147 1026 184 MVRINO
1083 147 1138 182 IN
1189 148 1515 187 VNIVERSVM.

208 260 272 291 tur
295 250 419 302 vulgo
452 249 600 290 ambitu
631 249 731 303 oris,
758 246 876 298 naso,
921 247 1180 288 auricularum
1217 249 1421 302 margine,
1477 249 1616 303 palmis
1647 247 1750 288 ultro.

209 334 372 373 carpos,
409 321 634 372 plantisque
668 319 717 360 ad
747 318 902 360 medios
938 321 1176 372 plerumque
1210 319 1438 361 metatarsos
1470 321 1566 361 albis
1586 349 1599 370 ‚
1645 318 1748 371 saepe

209 394 327 433 etiam
363 393 475 442 apice
517 390 652 432 caudae
697 391 802 431 albo.
875 389 922 431 In
958 391 1192 443 quibusdam
1239 390 1404 432 rostrum
1445 400 1575 432 totum
1618 390 1748 441 albet,

207 463 319 505 frons
353 462 545 512 canescit,
583 462 621 502 &
658 463 803 503 albedo
839 463 1004 502 maxillae
1045 461 1240 504 inferioris
1281 474 1353 516 pet
1393 464 1541 504 collum
1576 462 1750 514 longitu-

209 535 391 576 dinalitcr
426 534 597 574 extensa.
670 533 716 573 In
748 527 934 575 Uralenfi
962 534 1060 588 jugo
1096 536 1237 574 rariora
1279 543 1495 576 occurrunt
1536 533 1751 584 specimina

208 606 326 658 hujus
358 607 578 654 varietatis,
615 607 764 658 magnis
799 607 840 645 in
877 606 992 646 dorso
1028 607 1190 647 maculis
1225 606 1423 655 candidis,
1475 605 1750 657 irregularibus

203 677 411 729 insignita,
449 679 528 718 imo
564 677 668 718 visus
707 676 764 717 est
799 689 913 729 paene
955 678 1086 728 albus,
1123 679 1286 718 maculis
1313 678 1465 730 magnis
1504 677 1592 716 atris
1624 676 1750 716 varie-

209 758 342 803 gatus,
380 748 561 801 singulari
597 759 743 790 naturae
781 748 878 789 lusu.
903 781 954 788 ....
991 747 1038 788 In
1074 749 1183 790 omni
1214 750 1429 798 varietate,
1478 749 1595 788 etiam
1627 759 1751 798 quum

209 819 528 874 perfcc'lissinmm
560 822 714 869 vellus,
753 819 984 860 observatur
1023 819 1071 859 ad
1117 819 1361 873 postremum
1397 819 1585 868 dorsum,
1639 829 1750 872 pone

209 893 385 932 tenalem
419 893 658 944 regionem,
702 891 887 943 utrinque
926 890 1049 943 quast·
1079 892 1271 943 cicatrix,
1325 891 1409 932 five
1453 890 1586 931 areola
1632 889 1749 930 solito

208 964 364 1003 vellere
393 961 576 1003 destituta
587 994 601 1017 ,
639 962 727 1015 pilis
767 962 994 1003 breviffimis
1035 960 1153 1002 fuscis
1185 962 1346 1013 vestita,
1390 963 1431 1002 in
1463 962 1630 1014 largiore
1665 961 1751 1000 vel-

209 1036 294 1075 lere
329 1035 398 1074 vix·
432 1033 667 1086 conspicua,
703 1032 774 1072 nisi
805 1032 901 1074 flatu
937 1034 1094 1074 dimotis
1123 1034 1223 1084 pilis.
1298 1033 1342 1072 In
1373 1033 1557 1073 omnibus
1586 1042 1751 1083 quoque

208 1105 387 1145 umbilici
419 1107 552 1145 areola
580 1104 718 1155 nuda,
762 1103 928 1156 sinuque
969 1116 1111 1154 coeco,
1164 1106 1266 1145 intus
1305 1104 1433 1157 pilJfo
1478 1103 1517 1143 &
1557 1102 1751 1153 sebifero,

211 1188 362 1217 cavata.

370 1247 602 1288 Anatomen
637 1241 909 1308 genitalium
943 1241 1243 1308 mzffc‘lllc‘rmn
1280 1248 1319 1286 in
1362 1246 1523 1288 Criceto
1559 1255 1753 1298 perquam

209 1318 483 1371 singularium,
521 1331 643 1359 nemo
676 1331 748 1369 pro
784 1318 973 1370 dignitate
1013 1319 1144 1363 dedit;
1183 1318 1350 1358 eandem
1387 1320 1502 1370 igitur
1535 1329 1557 1357 e
1584 1315 1752 1358 dissectis

210 1391 412 1444 pluribus,
450 1389 562 1430 oestro
601 1401 782 1429 venereo
818 1390 864 1429 ad
899 1391 1066 1441 primum
1109 1391 1212 1430 veris
1256 1399 1437 1440 teporem
1481 1388 1751 1441 turgentibus,

210 1460 509 1514 supperaddam.
558 1460 689 1500 Valde
726 1462 830 1501 enim
868 1459 937 1513 <ut
970 1462 1009 1499 in
1041 1461 1214 1501 muribus
1249 1460 1367 1500 facile
1403 1457 1612 1511 omnibus)
1640 1459 1753 1512 geni.

210 1533 301 1572 talia
334 1532 466 1572 effoeta
499 1545 520 1571 a
556 1532 741 1583 repletis,
778 1543 1041 1582 venereoque
1077 1531 1253 1584 orgasmo
1287 1530 1435 1571 floridis
1479 1530 1678 1571 differunt.
1701 1556 1752 1565 -.

210 1603 361 1644 Totum
397 1602 545 1642 Criceti
580 1603 739 1643 masculi
778 1613 1002 1654 apparatum
1048 1595 1388 1646 TABVLAE
1409 1596 1557 1645 XXV.
1583 1595 1750 1662 figura

203 1669 362 1733 prims!
395 1674 569 1724 exprcffi·
645 1667 792 1716 (flans
826 1674 939 1723 penis
969 1666 1072 1730 (lif.
1097 1664 1170 1729 a.)
1209 1672 1402 1723 collapsa,
1439 1673 1558 1713 valde
1586 1671 1754 1724 lingula-

210 1757 318 1795 rem,
355 1744 487 1784 inflata
522 1757 594 1796 per
630 1755 776 1783 venam
809 1745 923 1795 penis
961 1743 1173 1792 dorsalem,
1211 1741 1377 1783 formam
1413 1745 1751 1795 acquirit,quam‚

211 1825 354 1867 utpote
394 1816 585 1867 turgentis
622 1826 758 1855 veram
798 1813 990 1866 figuram,
1046 1813 1094 1853 ad
1127 1808 1248 1857 Litt.
1282 1807 1345 1857 A.
1398 1827 1419 1854 a
1452 1813 1586 1854 fronte
1621 1813 1659 1853 &
1693 1807 1751 1859 B.

211 1898 234 1926 a
267 1888 389 1927 latere
426 1886 616 1926 delineari
652 1886 799 1926 curavi.
844 1883 914 1924 Est
938 1884 1088 1924 scilicet
1117 1884 1364 1934 subclavata,
1401 1885 1451 1925 ad
1478 1883 1662 1925 obtusum
1686 1896 1753 1924 an-

212 1959 350 2010 gulum
379 1958 584 2006 inclinata,
613 1967 725 1996 extus
757 1965 841 1995 tota
871 1957 1088 1996 tenerrimis
1115 1955 1280 1995 setaceis
1307 1956 1453 1996 aculeis
1479 1954 1574 2010 (qui
1601 1957 1641 1994 in
1669 1957 1752 1996 col-

212 2028 318 2081 lapsa
351 2041 435 2068 non
473 2025 689 2080 apparent)
726 2027 936 2079 hispidata,
976 2036 1156 2067 extremo
1192 2027 1303 2066 hians
1334 2028 1525 2079 voragine
1555 2039 1641 2078 quae
1668 2027 1752 2067 lim-

212 2100 267 2138 bo
300 2098 462 2140 inferius
495 2099 701 2139 bidentato
741 2099 933 2150 cingitur,
970 2097 1009 2137 δε
1049 2099 1148 2137 intra
1180 2110 1296 2150 quam
1328 2099 1550 2149 prominet,
1578 2097 1647 2137 sub
1665 2110 1752 2138 ure-

213 2170 309 2210 thrae
346 2169 521 2220 orificio,
560 2169 762 2210 officulam
794 2169 958 2222 glandis.
1039 2163 1136 2213 Lit.
1164 2162 1239 2213 bb.
1274 2168 1482 2209 Γεῖῑὲιᾶὶιιω
1516 2169 1752 2222 praeputium

217 2241 411 2287 indicant3
445 2228 518 2284 Τι’.
557 2253 656 2281 vero
689 2233 938 2302 glandulas
968 2238 1063 2281 duas
1102 2240 1294 2290 clavatas,
1343 2242 1546 2289 incurvas,
1593 2238 1751 2279 follicu-

215 2313 344 2353 laceas
363 2341 374 2362 ,
429 2313 622 2364 praeputio
672 2313 722 2354 ad
763 2313 982 2367 marginem
1031 2310 1190 2355 insertas
1243 2311 1283 2353 δε
1319 2311 1458 2354 sebum
1516 2308 1749 2353 eructantes.
