2032 2630
569 260 728 300 LEPVS
779 261 1094 301 VARIABILIS.
1547 270 1604 306 ις

167 353 275 399 Inter
310 353 532 398 calidiffima
572 356 749 398 animalia
790 355 1045 398 referendum
1080 353 1160 398 ess'e
1191 353 1394 409 Leporem
1433 354 1599 395 variabi-

62 429 163 477 lem,
198 427 377 480 repetitis
407 428 688 479 experimentis
720 427 851 468 didici.
932 427 975 467 In
1005 427 1101 468 albis
1134 437 1176 468 et
1206 427 1397 469 varietate
1430 425 1598 477 hybrida

53 498 314 551 <semigrysea,
367 498 515 551 hyeme
557 497 722 548 adlatis,
773 498 876 538 vivis
911 499 1085 537 calorem
1125 498 1248 539 modo
1288 494 1426 555 103?ss
1471 496 1596 538 modo

65 569 171 619 104⁰
203 569 363 610 Therm.
397 568 565 610 Farenh.
603 567 820 621 rigidissimo
852 569 950 609 ⁴licet
973 570 1088 620 gelu,
1126 570 1357 618 observavi,
1395 580 1599 619 nunquam

61 640 274 692 majorem,
311 640 382 681 nist
409 641 449 680 in
473 639 636 691 Lepore
665 640 733 679 illo
760 639 895 691 nigro,
933 639 997 679 cui
1024 639 1167 693 frigido
1195 653 1306 692 aeque
1334 641 1429 680 loco
1456 640 1595 680 deten-

54 719 103 752 -to
128 711 313 752 insertum
339 710 540 750 abdomini
565 721 637 761 per
668 711 814 751 vulnus
840 710 1126 750 thermometro
1156 710 1296 764 gradus
1327 709 1470 751 CVtus
1500 709 1598 750 indi-

51 790 171 822 catus
195 780 282 822 fuit.
355 781 421 820 An
452 793 547 834 ergo
576 781 677 821 inter
711 782 883 821 calorem
913 782 1120 821 animalem
1157 781 1313 839 auzftum
1347 788 1388 821 et
1417 782 1598 821 colorem

57 851 257 893 insolitum
293 853 431 903 aliquis
463 851 619 893 nexus?
655 878 706 884 -
741 851 882 892 Nemo
917 852 1069 902 adhuc,
1107 852 1219 904 quod
1247 852 1388 902 sciam,
1425 852 1600 892 calorem

54 922 251 978 sanguinis
277 924 317 964 in
344 922 511 976 Nigr-itis
536 923 822 963 thermometro
854 923 1090 974 exploravit.

166 1010 296 1061 Odor
322 1017 505 1058 naturalis
539 1018 751 1058 cavitatum
784 1017 1042 1070 inguinalium
1061 1019 1118 1057 ‹in
1152 1016 1255 1069 Lep.
1290 1016 1467 1057 variabili
1502 1015 1601 1068 prae-¹

56 1086 185 1129 sertim
219 1086 397 1129 masculis
433 1087 627 1135 hircinus,
681 1087 795 1127 caseo
838 1087 1076 1127 meliloto’idi
1118 1088 1374 1128 helvetorum
1413 1087 1597 1134 affimilis;

58 1169 108 1199 an
150 1157 337 1210 specifice
383 1158 469 1197 talis
512 1159 553 1198 in
596 1156 759 1208 Lepore
808 1168 994 1210 europaeo
1039 1157 1164 1198 soleat
1207 1157 1310 1207 else,
1362 1170 1447 1199 non
1488 1158 1594 1198 bene

53 1229 232 1288 memini.

158 1322 228 1364 De
262 1322 558 1376 migrationibus
589 1321 759 1374 Leporis
790 1323 986 1364 variabilis
1021 1325 1062 1363 in
1095 1324 1274 1363 orientali
1303 1321 1462 1373 Sibil-ia,
1499 1321 1597 1374 prae-'

54 1393 185 1436 sertim
218 1394 268 1435 ad
306 1391 497 1433 leniseam
534 1402 575 1433 et
609 1384 783 1443 Lenam'‚
829 1395 1041 1445 quotannis
1077 1393 1388 1435 observabilibus
1429 1395 1592 1443 eadem,

53 1477 143 1518 quae
179 1477 205 1504 1.
232 1475 354 1503 BELL
391 1464 432 1503 in
468 1457 708 1508 itinerario
736 1464 879 1513 habet,
925 1466 965 1504 in
993 1465 1129 1505 Sibiria
1164 1466 1316 1517 accepi.
1391 1463 1593 1505 Videntur

50 1545 187 1578 autem
213 1546 263 1575 ex
291 1534 465 1586 alpibus,
506 1547 593 1585 quae
620 1520 795 1574 Sibii-iam
819 1548 840 1574 a
867 1537 1029 1576 meridie
1054 1535 1284 1585 includunt,
1322 1535 1456 1575 versus
1490 1547 1593 1574 cam-

49 1606 195 1662 pestria
221 1614 262 1647 et
285 1604 400 1646 filvas
422 1605 666 1646 borealiores
692 1605 828 1658 pabuli
859 1604 987 1646 causs'a
1015 1607 1200 1658 migrare,
1247 1615 1289 1646 et
1324 1618 1420 1646 vere
1456 1605 1591 1647 versus

52 1678 259 1720 meridiem
292 1678 333 1717 in
367 1674 567 1729 frigidiora
598 1677 794 1717 montium
824 1676 917 1729 juga
952 1678 1111 1718 reverti.
1214 1676 1259 1716 In
1291 1677 1419 1717 Ruffia
1448 1676 1591 1716 similes

53 1749 307 1802 migrationes
331 1746 528 1788 observari
554 1746 694 1797 audio,
732 1747 801 1787 ubi
827 1748 948 1788 vicini
972 1747 1061 1788 sunt
1084 1747 1268 1799 alpestres
1295 1748 1459 1788 traetus:
1504 1747 1592 1788 sub-

51 1820 146 1861 inde
171 1820 212 1861 in
238 1819 386 1869 aliquas
414 1818 599 1870 regiones
624 1818 771 1869 hyeme
797 1818 1040 1871 copiosiores
1067 1819 1304 1868 adventant,
1342 1830 1456 1870 quam
1484 1818 1588 1858 alias.

51 1889 182 1933 Nulla
213 1898 346 1929 tamen
379 1889 565 1941 regularis
599 1898 641 1929 et
682 1887 872 1930 instruc'tis
902 1890 1162 1942 phalangibus
1201 1891 1381 1942 migratio
1424 1889 1590 1942 intelligi

53 1949 200 2012 debet,
244 1959 314 2001 sed
349 1970 450 2013 vaga
487 1968 529 1999 et
560 1960 730 2010 incerta,
778 1961 935 2012 qualem
967 1959 1067 2011 saepe
1101 1959 1246 2011 Seurri,
1299 1959 1514 2001 deficiente
1547 1959 1589 1999 in

53 2032 184 2082 aliqua
204 2031 368 2083 regione
395 2030 581 2082 hyberno
607 2031 756 2084 pabulo
796 2029 997 2087 (Agaricis
1025 2040 1066 2070 et
1089 2032 1245 2072 nuculis
1271 2027 1478 2082 Cembrae)
1516 2041 1590 2081 per

47 2101 229 2142 ¹Sibiriam
257 2099 474 2142 instituunt.

77 2237 80 2241 ,
157 2191 340 2247 Lepores
375 2191 569 2234 Americae
600 2195 772 2236 borealis
817 2196 1046 2236 ulteriorem
1099 2194 1229 2236 adhuc
1278 2195 1588 2236 elucidationem

52 2274 266 2308 merentur.
375 2264 562 2317 Species,
599 2279 716 2319 quam
751 2278 1155 2307 BARRINGTONVS
1200 2279 1221 2306 a
1260 2265 1362 2317 Lep.
1408 2266 1587 2306 variabili

51 2335 268 2382 distinstam
291 2326 672 2386 stabilivit,'itidem
698 2338 846 2389 hyeme
874 2337 1056 2392 albescit,
1092 2336 1162 2378 sed
1194 2338 1342 2378 aurium
1368 2335 1585 2388 caudaeque

2020 1997 2032 2424 -,;1.-—,‘-<-„·‘-⁴,.—-—.——-;
2030 1967 2032 1978 -
2030 1944 2032 1951 .
