2032 2630
774 221 899 257 mvs*
927 222 1263 259 OECONOMVS.
1691 233 1763 272 227
1798 202 1801 204 ’

223 319 353 361 Etiam
400 317 722 370 Krasnojarenses
764 319 915 371 Tartari,
952 321 1138 373 imprimis
1189 320 1362 373 Sagra'i'ci,
1407 323 1474 373 qui
1526 324 1763 373 promtuaria

227 391 407 431 Murium
457 383 636 447 Kylym
699 391 924 442 appellant,
980 391 1088 432 hunc
1140 391 1420 433 usumfructum
1475 393 1581 434 haud
1640 395 1764 446 negli-

228 473 348 514 gunt,
385 460 454 500 sed
504 461 619 501 otiosi
671 464 937 514 pauperculos
991 475 1121 502 mures
1164 465 1328 515 impigre
1374 472 1486 514 parto
1537 475 1762 506 commeatu

225 532 415 583 spoliant3
466 532 653 584 idemque
711 533 759 572 ad
814 532 1043 573 inferiorem
1088 532 1278 573 Ieniseam
1327 533 1411 573 ficri
1458 535 1496 573 in
1541 547 1762 575 GMELINI

230 595 371 648 Flora
406 594 540 646 δίων.
572 596 660 647 vol.
698 596 788 646 III.
818 607 868 662 Ρ.
897 595 993 664 46.
1034 612 1204 644 n0tatur.
1296 604 1352 642 At
1385 616 1483 644 vero
1520 606 1639 657 Apri,
1678 619 1761 646 om—

228 675 335 715 nium
363 673 607 714 crudeliffimi
637 671 790 723 hostes,
831 672 869 712 δε
897 674 1134 725 promtuaria
1159 675 1398 726 irrumpunt,
1426 675 1463 714 &
1493 675 1597 727 ipsos
1633 690 1762 718 mures

227 756 318 784 cum
352 743 448 783 nido
492 743 530 783 &
573 744 691 795 pullis
735 743 1065 786 commanducare
1110 744 1216 786 haud
1252 755 1453 786 verentur.

361 835 556 885 Radices,
590 820 693 887 ’quas
739 835 804 876 M.
832 839 1048 893 *oeconomi
1093 838 1280 890 indagant
1324 839 1361 879 &
1411 841 1626 894 colligunt,
1671 840 1762 881 sunt

226 907 268 948 in
318 908 465 959 campis
514 906 914 960 Isetenfibusatque
958 908 1243 950 Barabensibus
1290 911 1498 962 praesertim
1543 911 1761 953 Phlomidis

226 977 504 1018 horminifoliae
553 978 692 1018 tubera
741 978 780 1018 δε
830 978 1006 1018 Bistortae
1058 982 1227 1032 vulgaris
1270 982 1445 1030 radices'3
1496 984 1535 1022 in
1584 981 1762 1023 Dauuria

225 1047 267 1089 &
319 1047 608 1098 Krasnojarensl
652 1048 775 1088 tractu
822 1049 1022 1102 Polygoni
1067 1052 1234 1102 vivipari
1295 1051 1503 1105 (Tungris.
1557 1047 1760 1111 Mykir)

229 1119 268 1160 &
328 1118 595 1171 Sanguisorbae
656 1121 826 1172 vulgaris
888 1120 1043 1174 (Tung.
1101 1116 1366 1180 Schydllll),
1427 1125 1570 1174 quibus
1623 1127 1760 1166 noxias

227 1189 443 1231 admiscent
494 1189 768 1242 Chaerophylli
821 1193 959 1232 temuli
999 1193 1173 1243 radices,
1226 1194 1497 1246 magnitudine
1548 1194 1585 1233 δι
1633 1194 1762 1236 forma
1829 1214 1831 1217 ·

226 1260 495 1314 Sanguisorbae
537 1260 702 1309 ssmiles,
742 1262 809 1302 sed
851 1264 1034 1304 albedine
1080 1273 1241 1304 externa
1282 1264 1319 1304 &
1363 1267 1575 1306 tenacitate
1619 1265 1665 1320 (a
1698 1267 1759 1307 fu-

225 1333 298 1373 scis
339 1331 377 1371 &
409 1330 610 1384 fragilibus
658 1330 761 1385 istis>
806 1332 925 1374 facile
962 1334 1270 1386 dignoscendas,
1317 1349 1397 1388 quo
1443 1338 1557 1377 etiam
1603 1339 1759 1379 criterio

224 1401 401 1454 Tungufi
436 1402 483 1441 ab
521 1401 731 1442 esculentis
763 1404 942 1457 seligunt.
986 1397 1141 1444 'Certo
1184 1416 1315 1446 tamen
1358 1408 1473 1447 etiam
1517 1408 1575 1447 hae
1623 1409 1760 1448 virosae

227 1473 379 1514 radices
409 1469 607 1513 ffnuribus
656 1475 697 1512 in
740 1473 865 1513 escam
911 1474 1081 1525 cedunt,
1126 1476 1164 1516 &
1211 1477 1292 1528 ipse
1339 1478 1536 1519 semirosas
1578 1480 1618 1518 in
1658 1479 1760 1521 nidis

225 1545 387 1592 inveni;
428 1543 605 1596 Tungufi
647 1556 747 1584 vero
789 1544 1006 1597 perhibent
1042 1549 1278 1588 temulentas
1316 1549 1466 1589 radices
1501 1561 1521 1588 a
1570 1549 1759 1593 Muribus

224 1617 320 1657 loco
352 1616 579 1656 inebriantis
616 1616 749 1669 colligi
782 1615 970 1667 festisque
1005 1617 1145 1658 diebus
1180 1619 1441 1661 exhilarandis
1475 1621 1674 1663 inservire.
1708 1646 1758 1654 —-

223 1687 396 1728 Radices
431 1699 569 1726 omnes
604 1688 773 1738 optimas
809 1687 847 1726 &
880 1688 1156 1729 recentissimas
1198 1691 1339 1742 legunt
1381 1704 1531 1740 mures,
1576 1692 1758 1744 duroque

224 1758 363 1798 labore
413 1758 543 1808 parvis
597 1758 638 1796 in
681 1758 876 1809 caespitem
925 1760 1205 1801 tenacislimurn
1252 1761 1343 1801 attis
1376 1764 1586 1803 >cuniculis
1637 1774 1756 1815 atque

224 1829 400 1871 foveolis
449 1835 614 1878 eruunt,
675 1826 792 1868 fibras
835 1828 874 1867 δι
915 1829 1177 1870 fufiformium
1221 1833 1374 1883 apicem
1428 1842 1546 1884 atque
1591 1846 1756 1885 germen

225 1901 266 1941 in
302 1901 396 1939 loco
440 1899 661 1949 abrodunt,
701 1899 881 1950 ipsasque
915 1900 971 1939 bi·
1005 1902 1074 1940 vel
1112 1903 1370 1952 tripollicares
1407 1905 1558 1945 radices
1588 1906 1755 1958 depura-

225 1980 282 2012 tas
318 1969 552 2022 retrogradae
586 1981 658 2020 per
694 1971 777 2010 vias
812 1970 955 2021 caespiti
1001 1972 1211 2023 insculptas
1263 1973 1310 2012 ad
1364 1977 1629 2026 promptuaria
1682 1985 1755 2017 tra-

227 2043 350 2092 hunt,
380 2041 522 2091 quibus
563 2039 801 2088 confertim,
847 2041 970 2081 modo
1006 2044 1257 2093 promiscuae,
1299 2045 1421 2085 modo
1468 2046 1660 2095 selectim,
1697 2048 1756 2087 in-

222 2112 340 2168 gestae
388 2112 650 2162 reperiuntur.
755 2111 866 2154 Vere
922 2114 1048 2166 primo
1098 2117 1337 2166 plerumque
1405 2118 1560 2158 unicam
1612 2120 1753 2160 cellam

223 2185 353 2226 adhuc
387 2183 545 2234 plenam
580 2181 802 2232 radicibus,
840 2184 1008 2234 reliquas
1048 2197 1137 2226 cum
1180 2185 1353 2236 praerosis
1388 2188 1562 2238 reliquiis
1608 2202 1753 2232 vacuas

221 2254 488 2298 inveniebam.
559 2252 697 2294 Mares
759 2255 873 2293 etiam
925 2267 1020 2294 runc
1065 2265 1229 2307 totaque
1275 2256 1404 2297 aestate
1452 2261 1563 2299 multi
1597 2260 1754 2304 solitarii

216 2336 430 2384 vagantur,
481 2324 551 2366 vel
592 2325 799 2368 cuniculos
845 2328 1029 2380 antiquos
1091 2327 1301 2371 derelictos
1341 2329 1524 2372 incolunt
1561 2331 1599 2373 δι
1635 2333 1753 2389 ade-ipo
