2032 2630
658 172 661 175 ’
705 172 868 217 ιερνε
924 173 1158 216 ᾼωητνε.
1655 186 1717 229 47...

166 267 223 310 las
249 268 353 312 circa
381 266 421 310 se
448 266 644 320 colligunt
672 276 854 316 montes,
889 266 1060 307 interdiu
1092 266 1332 318 discurrunt,
1369 268 1410 310 in
1439 267 1699 320 prominenti-

161 338 239 402 bus
269 339 366 380 saxis
386 338 618 387 excubant,
655 345 698 377 et
725 337 928 388 frequenti
963 337 1134 379 fistulatu
1186 337 1392 391 <projecto
1425 340 1554 392 capite
1588 340 1697 380 edito

167 417 228 449 et
242 408 327 449 viso
362 408 571 461 praesertim
602 407 768 450 homine
802 406 1148 459 increbrescente)
1195 411 1477 459 exaudiuntur,
1529 411 1598 462 qui
1629 411 1703 450 illis

165 476 225 519 est
256 478 468 530 simplex,
490 486 670 530 argutus,
715 474 895 528 pafferini
928 476 1153 527 subsimilis,
1205 488 1247 519 et
1280 481 1443 520 aviculae
1475 481 1615 522 sonum
1648 482 1701 521 ita

163 550 376 600 mentitur,
412 559 458 591 ut
485 549 582 589 mihi
608 547 743 599 saepius
771 546 1012 598 imposuerit.
1077 547 1238 601 ·Sclopo
1267 551 1432 602 exploso
1465 553 1506 592 in
1534 553 1702 593 latibula

97 639 103 644 ·
165 618 330 670 quidem
362 617 642 672 promptiffime
671 616 868 667 refiliunt,
904 616 973 657 sed
1007 616 1142 658 denuo
1178 618 1384 671 statimque
1410 621 1569 673 prodire
1595 623 1702 663 haud

164 697 378 739 verentur,
415 688 523 741 quasl
549 687 662 728 nullo
688 688 829 727 timore
854 687 1044 738 perculfi,
1082 689 1192 739 quod
1226 690 1276 729 de
1305 691 1470 732 animale
1496 693 1599 732 inter
1623 692 1702 733 fre-

166 759 329 809 quentia
351 760 523 800 tonitrua
550 758 717 798 vivente
741 758 869 797 minus
893 758 1046 798 mirum.
1112 759 1272 800 *Sereno
1308 763 1410 801 coelo
1443 761 1615 803 interdiu
1646 764 1700 803 la-

162 828 286 870 tebris
311 828 419 870 haud
444 837 617 879 exeunt,
654 827 724 868 sed
747 827 930 870 diluculis
957 831 1232 871 tantummodo
1259 831 1481 872 audiuntur.

203 992 206 995 Δ
265 967 331 1011 Eo
370 972 540 1012 maxime
583 969 769 1011 notabilis
811 967 868 1009 est
902 968 1018 1021 hujus
1060 971 1233 1013 animalis
1272 972 1451 1024 indoles,
1504 972 1615 1026 quod
1647 975 1696 1015 ab

160 1039 330 1093 Augusti
364 1043 520 1082 circiter
552 1041 688 1082 medio
729 1048 876 1080 naturae
917 1039 1100 1081 instinctu
1142 1043 1338 1094 quodam,
1394 1045 1475 1085 duo
1506 1045 1695 1096 pluresve

163 1113 356 1153 concives
381 1093 505 1152 ’simul
537 1111 740 1151 communi
766 1121 890 1161 opera
920 1109 1150 1153 selectarum
1177 1113 1385 1153 herbarum
1408 1124 1449 1155 et
1480 1116 1697 1168 graminum

160 1192 351 1231 acervos,
389 1181 540 1223 curiose
565 1181 752 1230 siccatos,
794 1179 919 1220 modo
945 1180 1016 1221 sub
1044 1182 1197 1234 scopuli
1230 1185 1468 1225 imminentis
1495 1187 1694 1239 tegmine,

161 1252 283 1304 inque
315 1249 452 1294 fiffuris
483 1253 664 1303 rupium,
704 1249 828 1291 modo
862 1251 965 1291 circa
999 1252 1182 1293 arborum
1221 1263 1382 1295 trnncos
1412 1265 1631 1309 congerant
1653 1258 1694 1300 in

158 1321 390 1372 hyemalem
411 1330 699 1362 commeatum.
807 1320 1017 1373 Apparent
1051 1331 1146 1363 tunc
1181 1326 1283 1365 circa
1307 1337 1446 1367 eorum
1471 1326 1695 1367 habitacula

162 1391 306 1444 coespiti
342 1392 525 1443 ›inscalpti
565 1392 738 1432 tramites
784 1392 1018 1444 conspicui,
1076 1406 1180 1446 quos
1219 1396 1412 1436 laboriosa
1463 1398 1705 1447 animalcula

158 1463 356 1503 continuo
390 1462 559 1504 discursu
592 1471 846 1502 excavarunt.
954 1463 1072 1515 Vidi,
1110 1467 1317 1516 quomodo
1353 1466 1493 1507 herbas
1526 1469 1696 1518 primum

162 1533 213 1573 ad
235 1543 451 1584 praeruptos
476 1533 664 1585 scopulos
686 1532 827 1585 sparsas
853 1533 961 1585 quasi
994 1530 1165 1586 apricare
1190 1536 1341 1585 solent3
1397 1537 1544 1578 deinde
1573 1550 1696 1589 vei-0,

159 1598 387 1654 Septembri
428 1603 685 1656 potiffimum‚
739 1602 976 1645 exsiccatum
1010 1604 1160 1646 foenum
1195 1608 1234 1646 in
1269 1619 1434 1648 acervos
1470 1608 1696 1650 conoidcos

159 1675 444 1727 compingunt,
482 1675 530 1715 ad
555 1675 683 1726 ipsum
707 1674 807 1726 saepe
832 1672 1030 1716 annorum
1054 1677 1257 1718 introitum
1281 1680 1350 1718 vel
1373 1690 1521 1730 prope,
1559 1679 1697 1720 duero·

157 1755 242 1796 que
280 1744 327 1783 ab
365 1754 477 1785 antro
513 1743 561 1784 ad
595 1756 783 1784 acervum
810 1757 912 1785 cavo
938 1748 1112 1795 tramite‚
1160 1760 1280 1799 quem
1307 1749 1398 1788 dein
1426 1750 1495 1788 nix
1523 1749 1697 1800 superin-

160 1814 354 1854 cumbens
377 1813 532 1855 fornice
558 1815 724 1868 obtegit.
798 1814 1001 1856 Ocurrunt
1030 1817 1255 1868 hujusmodi
1281 1820 1442 1868 acervi,
1479 1821 1549 1859 vbi
1583 1821 1696 1871 plura

162 1883 275 1925 simul
299 1885 537 1925 animalcula
559 1894 733 1938 operata
761 1885 873 1936 sunt,
918 1886 1088 1928 humana
1123 1887 1211 1929 fere
1246 1890 1473 1940 altitudine,
1527 1900 1568 1930 et
1600 1889 1703 1931 otto,

159 1955 386 2006 pluriumve
409 1955 559 2006 pedum
581 1956 778 1997 diametro
815 1956 1016 2010 congesti3
1062 1957 1310 2010 frequentius
1344 1968 1477 1999 tamen
1509 1960 1599 2000 sunt
1632 1963 1706 2013 triss.

159 2023 326 2076 pedales
363 2025 529 2066 circiter.
635 2025 745 2066 Mira
777 2036 818 2067 et
844 2026 1062 2068 ,necessaria
1096 2028 1301 2080 industria,
1357 2043 1478 2081 quum
1514 2032 1695 2072 diuturna

163 2095 205 2134 in
233 2093 340 2133 hisce
365 2096 598 2149 ,reg-ionibus
626 2096 768 2146 hyems
800 2106 842 2138 et
868 2099 952 2138 altae
976 2100 1113 2150 nives⁷
1152 2112 1313 2141 omnem
1339 2101 1452 2140 aliam
1480 2100 1694 2142 sustentan-

162 2163 223 2205 dae
257 2165 348 2203 vitae
389 2166 495 2205 viam
527 2167 701 2217 animali,
738 2167 849 2218 quod
882 2181 964 2209 non
991 2170 1141 2221 sopitur
1172 2181 1214 2211 et
1246 2182 1383 2223 parum
1410 2180 1543 2215 tamen
1572 2172 1704 2222 habet>

160 2235 324 2285 virium,
360 2236 601 2289 praecludere
626 2236 842 2279 necessario
867 2240 1060 2281 videatur.
