1948 2630
164 198 232 229 122
734 176 832 211 MVS
861 175 1117 212 ClTlLLVS.

292 283 340 324 In
376 289 455 322 tam
489 275 675 325 extensa,
720 287 793 327 per
826 273 1073 315 diversiffima
1107 274 1294 324 climata,
1343 273 1594 326 diversasque
1632 273 1706 316 fitu

161 357 199 398 δι
232 364 369 396 natura
402 362 543 398 terras,
577 348 702 399 patria
731 347 872 388 mirum
907 359 990 387 non
1026 343 1082 385 est
1124 344 1282 386 Citillos
1325 344 1566 386 sedentarios
1601 347 1707 398 plus,

162 439 279 480 quain
310 421 494 465 'animalia
533 420 752 472 spontanea
785 419 937 469 reliqua
972 417 1093 468 magis
1130 428 1255 468 vaga,
1291 417 1570 466 varietatibus,
1598 419 1711 470 pilo,

163 500 325 545 colore,
362 491 633 547 magnitudine
664 490 782 530 vaide
820 488 1131 541 discrepantibus
1170 488 1334 538 ludere,
1386 500 1481 539 quas
1514 501 1637 538 quum
1668 489 1710 527 in

162 568 374 623 peragratis
410 563 639 619 regionibus
677 562 887 614 diligenter
924 559 1188 610 observariin,
1225 558 1347 602 fufius
1382 559 1447 598 hic
1475 559 1710 612 persequar,

167 649 379 691 antequam
407 647 540 677 mores
574 633 798 673 animalculi
831 644 1042 684 exponam.

308 725 549 776 [maximos
582 728 619 768 δε
651 739 764 779 paene
798 724 962 764 dixerim
996 723 1235 766 monstrosos
1273 718 1455 769 Cltillos
1492 725 1622 778 passim
1662 724 1711 765 ad

167 804 396 845 inferiorem
432 801 585 841 Ia'l'kum
620 801 659 838 in
695 798 841 848 campis
878 796 1082 848 squalidis,
1127 795 1360 836 Saisolarum
1406 795 1443 835 &
1481 796 1712 837 Anabaseos

168 875 408 916 abundantia
443 871 656 918 fecundis,
713 867 922 920 praesertim
969 870 1072 907 circa
1113 866 1254 908 rudera
1299 868 1456 906 tatarica
1494 867 1713 907 Saratschik

171 946 348 994 obtinui,
396 944 465 984 ubi
492 945 530 982 in
566 941 726 981 tumulis
763 938 801 978 δε
839 939 1003 978 elatiore
1038 939 1123 978 solo
1157 937 1436 990 profundiori,
1480 938 1617 979 versus‘
1651 951 1716 979 ca..

169 1018 335 1069 spi-arum
373 1026 473 1053 vero
503 1011 692 1063 paludum
727 1011 857 1058 initia,
895 1017 1061 1061 propter
1096 1008 1371 1049 humiditatem
1409 1011 1616 1058 locorum,
1645 1011 1715 1050 mi-

170 1089 276 1128 nime
315 1087 392 1125 alte
429 1081 569 1124 effoss'o
605 1082 792 1123 cuniculo
832 1080 1022 1120 habitant.
1095 1079 1301 1129 Foeminae,
1340 1092 1435 1131 quas
1472 1082 1566 1121 inde
1596 1081 1717 1122 habui

174 1158 296 1214 <licet
331 1158 568 1209 plerumque
605 1155 644 1194 in
680 1153 755 1192 hae
789 1140 1110 1202 specie-femina
1145 1163 1249 1191 mare
1292 1150 1417 1190 soleat
1453 1149 1531 1192 ess'e
1562 1149 1718 1204 minor)

173 1227 445 1282 magnitudine
482 1238 619 1278 parum
658 1238 679 1264 a
714 1222 916 1263 Mai-mota
949 1223 1130 1272 aberant,
1169 1222 1207 1262 &
1249 1233 1360 1261 erant
1393 1225 1531 1263 colore
1566 1223 1719 1264 unifor-

177 1303 252 1350 mi,
291 1312 313 1339 e
344 1296 790 1352 gryseo-flavescente,
829 1295 867 1333 in
906 1294 1020 1334 dorso
1064 1293 1333 1342 fulminei-co,
1387 1294 1512 1334 cauda
1547 1294 1718 1336 villoso-

177 1371 340 1413 disticha
377 1370 524 1418 ornati,
566 1368 649 1419 pilo
674 1366 760 1406 rudi
794 1375 911 1417 atque
940 1365 1114 1417 pessimo.
1219 1363 1402 1403 Indolem
1437 1364 1549 1406 simul
1571 1366 1718 1417 prode-

176 1444 274 1482 bant
307 1439 599 1488 ferocissimam,
638 1450 688 1478 ex
722 1446 832 1477 antro
868 1435 967 1486 puisi
1003 1434 1202 1476 iracundia
1239 1434 1464 1486 sibilabant,
1510 1448 1586 1476 nec
1626 1435 1721 1490 fuga

177 1514 342 1555 salutem
376 1512 626 1562 quaerebant‚
665 1507 730 1548 sed
764 1507 929 1560 grandes
962 1519 1079 1547 canes
1116 1505 1244 1546 morsu
1280 1507 1548 1558 impetebant,
1584 1520 1719 1561 neque

181 1582 470 1626 demordebant
503 1580 643 1630 facile,
681 1579 748 1619 sed
785 1576 922 1617 clauns
958 1579 1083 1618 oculis
1113 1590 1134 1618 e
1163 1579 1331 1617 vulnere
1358 1579 1611 1629 pendebant,
1633 1582 1722 1621 ulu-

179 1658 287 1695 lante
320 1666 398 1706 prae
426 1653 565 1692 dolore
596 1663 707 1691 cane.
782 1649 826 1687 In
863 1650 970 1688 nulla
1007 1650 1078 1688 alia
1111 1649 1274 1700 regione
1302 1656 1432 1690 tantos
1468 1662 1639 1702 unquam
1664 1652 1724 1692 vi-

183 1726 331 1774 dimus,
370 1725 465 1763 licet
504 1725 543 1763 in
571 1721 762 1775 insignem
797 1719 1107 1771 magnitudinem
1147 1720 1194 1759 ad
1229 1718 1422 1759 Samaram
1463 1720 1502 1760 ἃ,
1529 1721 1622 1762 Irtin
1655 1735 1723 1763 ex-

184 1797 379 1843 crescant,
427 1793 502 1833 istis
538 1803 668 1832 tamen
705 1793 864 1830 minime
905 1790 1229 1842 aequiparandam.
1303 1789 1458 1842 Neque
1497 1792 1576 1832 hoc
1611 1795 1722 1834 mira·

184 1869 263 1907 bile
307 1867 530 1912 videretur,
586 1862 656 1902 nisi
698 1864 736 1901 in
779 1861 917 1901 iisdem
955 1873 1068 1912 paene
1107 1861 1267 1900 desertis
1304 1861 1414 1902 snnnl
1450 1863 1723 1905 observaretur

187 1932 391 1982 varl'efils
415 1941 614 1995 pygmea
652 1933 690 1973 &
718 1933 917 1982 omnium,
955 1945 1050 1982 quas
1086 1933 1190 1981 vidi,
1228 1933 1483 1973 minutiffima.
1572 1933 1721 1976 Habeo

189 2007 345 2047 Citiilos
390 2008 457 2046 vix
499 2004 660 2045 Murem
690 2004 913 2055 aquaticum
948 2012 1167 2053 aequantes‚
1214 2012 1403 2056 totosque
1438 2004 1724 2059 flavescentes,

189 2081 272 2130 piio
305 2077 523 2117 mollissiino
551 2075 739 2125 vestitos,
778 2075 900 2115 cauda
930 2074 1065 2122 brevi,
1102 2074 1402 2125 piloso-tereti,
1441 2077 1509 2127 qui
1543 2078 1645 2117 circa
1668 2079 1724 2118 la.

187 2163 255 2191 cus
287 2148 404 2188 salsos
432 2149 534 2186 inter
566 2146 661 2185 ostia
703 2146 794 2184 Iai'ci
830 2145 867 2185 &
898 2145 1040 2188 Iembae
1065 2144 1105 2184 fl.
1145 2145 1259 2194 sitos,
1297 2145 1334 2185 &
1368 2148 1407 2186 in
1441 2128 1724 2198 promontoriis

188 2220 417 2260 editioribus
445 2219 618 2258 littorum
657 2216 720 2256 M.
752 2216 880 2266 Caspii
913 2217 1016 2266 capti
1052 2216 1214 2257 fuerunt
1251 2215 1396 2257 Mense
1430 2216 1603 2271 Martio,
1641 2233 1724 2272 quo

187 2299 367 2343 ternpore
401 2290 507 2328 nulla
550 2288 678 2329 adhuc
717 2287 849 2339 junior
891 2288 1025 2340 proles
1068 2295 1160 2328 nata
1205 2285 1283 2328 esse
1319 2290 1481 2341 potuit,
1535 2300 1726 2344 praeterea
