2032 2630
410 178 716 216 SCIVRORVM
742 175 953 212 SPECIES
973 176 1233 217 QVAEDAM
1254 176 1634 214 ILLVSTRATAE.
1713 185 1782 224 371

254 275 425 330 Europae
462 285 686 329 temperatae
714 277 766 317 ita
801 277 919 327 plane
955 287 1039 315 non
1077 273 1227 325 differt,
1265 283 1309 315 ut
1343 275 1477 316 aestivo
1505 283 1686 324 tempore
1712 274 1784 314 eti-

253 359 314 387 am
351 348 440 388 rufo
477 348 637 397 colore,
675 348 731 388 uti
767 348 916 387 caeteris
943 346 1147 395 omnibus,
1185 347 1404 386 conveniat
1425 347 1605 397 penitus3
1642 355 1781 394 quem-

253 417 466 458 admodum
504 429 527 456 e
565 419 760 458 contrario
798 416 923 458 Sciuri
960 415 1201 466 Germaniae,
1245 415 1274 456 fi
1308 414 1452 469 frigido
1489 418 1583 456 loco
1621 414 1783 454 cicurati

252 489 426 538 alantur,
472 488 698 539 hyemalem
743 489 867 540 pilum
910 487 997 529 satis
1034 487 1246 528 evidenter
1280 486 1611 532 cinerascentem,
1658 484 1782 524 multa

252 569 343 599 cum
379 558 563 599 rusedine
601 560 696 598 licet
730 559 914 609 mixtum,
951 558 1134 599 induunt.

389 663 658 714 Opinionibus
695 664 885 717 originem
923 664 1053 713 dedit,
1097 661 1208 714 quod
1246 656 1431 705 Scimus
1460 656 1690 722 vulgaris,
1720 662 1779 704 se-

246 733 422 774 cundum
458 735 664 786 regiones,
702 734 953 774 varietatibus
981 734 1154 784 plurimis
1191 732 1313 786 ludit,
1351 744 1446 783 quas
1482 745 1563 773 non
1602 732 1688 772 satis
1712 745 1779 773 cu-

242 803 342 843 riose
390 803 750 844 determinaverant
793 804 1059 852 itineratores,
1096 816 1183 854 quae
1221 813 1351 843 tamen
1405 815 1544 844 omnes
1597 803 1778 842 auriculis

243 874 411 914 barbatis
457 874 495 914 &
545 876 870 926 proportionibus
907 875 928 914 a
974 869 1042 917 Se.
1093 869 1265 919 cinereo
1309 874 1549 913 Americano
1596 872 1775 913 funditus

241 943 446 984 differunt.
522 944 664 985 Media
701 943 823 985 facies
860 944 916 985 est
952 944 1177 985 Sciurorum
1215 944 1387 993 Sueciae,
1432 944 1568 984 Ruffiae
1606 943 1773 983 boreali-

241 1016 318 1055 oris
357 1015 394 1054 δι
430 1015 576 1055 Sibiriae
613 1017 820 1066 planioris,
867 1014 915 1056 ad
953 1014 1109 1064 Obum,
1155 1016 1234 1055 imo
1277 1015 1461 1054 {eniseam
1498 1014 1620 1065 usque
1655 1013 1773 1054 fiuvi-

239 1097 325 1125 um:
373 1086 514 1126 horum
552 1085 679 1125 aestiva
716 1085 838 1126 facies
884 1086 930 1125 ab
968 1085 1172 1137 Europaeis
1208 1085 1322 1134 rufis,
1366 1084 1635 1137 magnitudine
1673 1085 1773 1134 pari-

237 1156 335 1204 bus,
372 1158 490 1208 plane
529 1168 610 1197 non
649 1155 914 1209 distinguitur3
953 1156 1022 1196 sed
1060 1158 1222 1196 ineunte
1261 1156 1407 1207 hyeme
1446 1167 1608 1203 omnes,
1652 1155 1772 1194 etiam

233 1227 274 1265 in
301 1227 434 1267 calidis
465 1228 724 1268 conclavibus
755 1228 936 1276 enutriti,
981 1228 1160 1267 colorem
1197 1226 1481 1267 coerulescente
1501 1250 1518 1258 -
1541 1226 1766 1274 cinereum,

232 1296 339 1349 quasi
364 1299 638 1348 pulveratum,
675 1299 851 1350 paulove
881 1297 1148 1338 obscuriorem
1171 1296 1355 1346 induunt,
1383 1296 1420 1335 &
1448 1305 1542 1335 tunc
1575 1296 1766 1345 maxime,

234 1380 400 1418 propter
429 1370 579 1420 pelles,
617 1382 637 1408 a
675 1370 931 1408 venatoribus
959 1370 1188 1418 capiuntur,
1227 1365 1399 1407 cessante
1426 1376 1606 1417 captura,
1644 1377 1769 1416 quan--

232 1437 285 1478 do
325 1440 532 1490 ingruente
570 1450 666 1478 vere
706 1438 842 1479 denuo
873 1438 964 1478 rufo
991 1440 1074 1489 pilo
1105 1439 1433 1478 contaminantur.
1506 1436 1551 1475 In
1577 1437 1766 1475 occiden-

231 1510 433 1549 taiioribus
479 1509 517 1549 &
561 1508 847 1549 australioribus
890 1509 1095 1560 hyemales
1131 1509 1259 1559 pelles
1295 1510 1384 1558 plus
1421 1506 1652 1546 rufescentis
1690 1505 1767 1545 ser-

228 1590 325 1618 vant
363 1579 400 1618 &
436 1580 483 1619 ad
520 1580 700 1632 gryseum
731 1582 844 1620 color
868 1581 1072 1629 cinereus,
1110 1578 1318 1631 praesertim
1349 1578 1536 1632 tergoris,
1579 1578 1764 1627 inclinat,

225 1651 263 1689 in
301 1649 564 1704 frigidioribus
599 1651 773 1703 pulcrior
807 1651 1024 1703 puriorque
1062 1649 1209 1690 evadit.

365 1754 625 1795 Successivam
650 1756 911 1794 mutationem
939 1756 1084 1794 coloris
1108 1755 1146 1793 in
1175 1755 1247 1793 hac
1275 1755 1426 1806 vulgari
1453 1753 1641 1798 varietate
1668 1762 1763 1801 prae-

225 1826 353 1866 sertim
376 1824 593 1876 Krasnojari
614 1824 661 1864 ad
687 1824 874 1864 leniseam
902 1825 1136 1872 observavi,
1164 1825 1230 1865 ubi
1260 1836 1390 1864 tamen
1420 1824 1536 1875 aliqui
1559 1821 1760 1873 jampaulo

224 1895 492 1944 obscuriores,
519 1894 646 1934 aestate
677 1895 1109 1935 fuscido-rufescentes
1135 1904 1368 1943 occurrunt,
1398 1894 1589 1945 solitaque
1613 1893 1760 1944 magni-

221 1968 358 2008 tudine
397 1967 573 2017 corporis
604 1965 650 2018 (a
681 1966 772 2005 naso
801 1964 848 2004 ad
877 1963 1066 2017 caudam)
1092 1966 1246 2005 circiter
1272 1964 1321 2015 γὲ
1342 1965 1438 2015 poll.
1468 1974 1606 2014 aequat.
1680 1962 1756 2001 lni-

221 2040 277 2077 tio
317 2037 354 2076 ἃ
392 2036 524 2076 medio
562 2030 765 2096 Allglisti
800 2035 951 2076 adlatos
980 2036 1097 2075 habui
1127 2035 1239 2088 supra
1262 2035 1394 2085 rufos,
1430 2033 1541 2074 fusco
1578 2045 1649 2083 per
1671 2045 1754 2073 me-

219 2109 327 2150 dium
357 2106 538 2157 dorsum,
581 2107 701 2158 magis
735 2107 919 2147 minusve
953 2106 1229 2157 adumbratos,
1278 2107 1411 2146 versus
1446 2105 1566 2144 latera
1596 2102 1754 2144 incnfi-

222 2191 290 2220 ore
326 2179 478 2218 colore.
551 2176 679 2217 Pedes
711 2177 895 2218 omnibus
933 2178 1006 2217 toti
1041 2176 1138 2225 rufi3
1184 2188 1294 2217 aures
1335 2176 1435 2227 saepe
1467 2176 1535 2215 vix
1566 2174 1754 2224 barbatae,
1808 2198 1810 2200 v

219 2250 335 2299 rufae;
372 2261 498 2302 prona
532 2247 654 2290 facies
692 2248 800 2296 alba3
839 2247 964 2290 cauda
1000 2249 1239 2301 plerumque
1275 2248 1397 2289 nitide
1427 2246 1557 2298 nigra,
1597 2245 1752 2286 nonnisi
