2032 2630
463 160 530 195 DE
575 159 780 196 GENERE
829 160 1033 198 MVRINO
1077 162 1130 195 IN
1152 161 1480 200 VNIVERSVM.
1688 171 1736 209 79

273 294 279 297 ,
354 254 543 299 Minores
581 257 621 298 δι
645 258 855 311 praesertim
883 259 1042 300 masculi
1070 270 1091 310 5
1118 263 1187 301 vel
1215 262 1241 299 6
1266 262 1469 302 drachmas
1503 261 1737 316 aequarerso-

192 329 295 369 lent.
369 323 631 390 Longitudo
666 332 893 382 tripollicari
923 333 1043 383 paulo
1068 331 1212 383 major;
1251 333 1376 373 cauda
1408 331 1489 386 (ut
1512 331 1550 372 &
1579 329 1735 384 caput)

192 399 320 454 vulgo
355 401 510 441 circiter
546 402 766 452 pollicaris‚
803 403 892 453 pilis
927 402 1142 442 tenuiffime
1180 402 1333 443 vestita.
1446 398 1628 448 Dentes*
1662 404 1738 456 pri-

194 483 325 512 mores
363 471 551 511 flaviffimi
581 503 592 521 ,
644 472 865 524 superiores
903 472 1093 513 latiusculi
1116 503 1126 521 ,
1165 473 1251 512 stria
1288 473 1562 514 obsoletiffima
1586 504 1598 524 ,
1635 474 1736 527 saepe

195 544 266 583 vix
303 543 421 583 nulla
496 536 739 587 Arlr’icnlae
776 544 1022 594 complicatae
1051 574 1063 592 ‚
1100 545 1254 584 vellere
1292 545 1360 583 vix
1397 554 1625 598 emergunt;
1663 557 1738 585 un.

196 615 377 666 guiculus
433 614 590 664 pollicis
639 615 678 652 in
725 615 867 665 plantis
919 615 988 653 vix
1033 615 1230 654 notabilis.
1309 610 1480 659 Calldae
1525 617 1736 668 proportio

193 686 363 724 multum
406 684 531 724 variat
574 692 617 723 et
661 684 896 735 quibusdam
941 686 1010 724 vix
1058 685 1153 725 duas
1199 686 1332 725 tertias
1379 695 1509 737 partes
1555 688 1736 738 pollicis,

194 756 234 795 in
270 754 382 795 solita
413 755 590 806 corporis
627 755 897 807 magnitudine
943 764 1082 807 aequat.

334 824 543 866 Infestatur
591 825 729 865 Acaris
765 828 937 868 minutis.
1012 825 1123 865 Folia
1169 826 1247 866 alni
1294 837 1417 869 aratro
1465 828 1565 881 agris
1611 829 1736 868 incul-

195 905 282 938 cata
318 897 378 937 his
424 897 597 938 muribus
646 897 840 938 adversari
885 896 1044 949 quidam
1079 897 1306 950 perhibent.
1381 897 1545 940 Noxios
1582 900 1622 938 in
1639 900 1737 957 Rus-

194 967 248 1008 sia
284 977 425 1019 praeter
461 967 618 1008 solitum
655 966 793 1018 fuiffe,
835 969 1088 1022 gregariosve
1120 968 1335 1022 apparuisse
1362 982 1447 1010 non
1475 970 1630 1019 audivi3
1667 970 1738 1012 sed

197 1040 348 1090 ubique
386 1038 543 1091 dispersi
579 1049 743 1079 nocent.

201 1132 266 1175 15.
297 1123 404 1163 MVS
437 1124 665 1174 (oeconomus)
688 1127 801 1164 cauda
832 1126 1124 1175 subsescunciali,
1154 1127 1326 1164 amiculis
1349 1128 1453 1166 nudis
1471 1129 1606 1166 xelleie
1631 1128 1736 1168 molli

307 1183 525 1227 latentibus,
558 1183 690 1231 palmis
722 1184 1058 1234 Ῐῂὺῖεῑῖιεάειᾶἶμῐε,
1089 1196 1245 1232 corpore
1268 1184 1378 1224 fusco
1430 1187 1536 1225 TAB.
1552 1187 1656 1225 XIV.
1685 1188 1732 1226 A.

345 1253 417 1284 Mus
441 1263 624 1284 oeconomus
651 1263 772 1285 PALL.
795 1254 862 1285 itin.
879 1253 944 1285 III.
966 1264 995 1294 p.
1008 1255 1073 1294 692
1093 1263 1122 1286 n.
1135 1265 1168 1295 4.

265 1306 333 1349 De
362 1309 442 1348 hoc
468 1308 567 1348 infra
595 1309 845 1359 videbimus⁷
882 1320 926 1349 ut
954 1309 991 1349 δε
1026 1312 1075 1350 de
1108 1310 1378 1361 sequentibus.

202 1382 266 1426 16.
295 1384 402 1423 MVS
429 1384 615 1432 (gregalis)
645 1385 758 1422 cauda
778 1384 1003 1433 sescunciali,
1029 1385 1200 1423 auriculis
1224 1387 1360 1425 vellere
1383 1385 1633 1438 longioribus,
1652 1387 1732 1435 pal-

310 1442 376 1480 mis
403 1441 740 1492 fiibtetradaCtylis,
768 1454 923 1491 corpore
946 1442 1196 1481 cinei-aseente.

205 1520 270 1566 17.
295 1509 402 1549 MVS
432 1511 592 1559 (rutilus)
622 1513 736 1549 cauda
761 1510 921 1555 unciali,
959 1511 1130 1549 auriculis
1161 1512 1297 1550 vellere
1322 1513 1575 1564 longioribus,
1602 1513 1732 1561 palmis

311 1567 649 1618 subtetradaetylis,
668 1579 824 1617 corpore
836 1567 943 1616 supra
958 1568 1062 1605 fulvo
1076 1596 1089 1615 ,
1130 1569 1252 1607 subtus
1271 1582 1372 1610 cano.
1419 1571 1526 1610 TAB.
1550 1571 1652 1608 XIV
1686 1572 1730 1608 B.

341 1629 392 1658 An
418 1628 486 1658 Mus
515 1628 676 1668 gregarius
703 1638 721 1657 L
734 1638 819 1658 INN.
835 1629 906 1669 syli.
919 1627 1000 1657 XII.
1022 1627 1250 1669 p.g4.sp.16?

299 1676 372 1726 Ill.
409 1693 681 1723 SCHREBER
715 1681 842 1723 ass'erit
875 1694 948 1733 per
983 1683 1129 1723 litteras
1163 1682 1201 1723 se
1235 1696 1438 1736 nunquam
1467 1686 1609 1734 talem,
1638 1697 1732 1736 qua-

193 1756 273 1794 lem
304 1764 566 1793 LINNAEvs
602 1753 672 1794 sub
699 1753 883 1806 adlegato
919 1754 1082 1793 nomine
1117 1753 1336 1806 descripsit‚
1374 1754 1441 1795 sed
1479 1754 1642 1795 Murem
1659 1769 1732 1803 po-

196 1826 270 1865 tius
292 1825 479 1877 agrarium
500 1823 695 1874 nostrum,
724 1837 813 1864 cum
832 1822 1077 1864 Illustrissimo
1092 1823 1193 1864 Viro
1216 1824 1536 1865 communicasse.
1574 1825 1729 1866 Descri-

192 1896 277 1947 ptio
302 1905 434 1936 autem
465 1895 678 1935 Linnaeana
713 1896 809 1936 mihi
845 1896 1024 1945 proxime
1050 1895 1091 1934 in
1126 1895 1228 1935 hanc
1255 1896 1457 1947 speciem,
1495 1896 1641 1937 deinde
1664 1911 1729 1939 cue

193 1967 310 2007 ratius
342 1966 659 2022 describendam,
703 1968 892 2018 quadrare
926 1966 1106 2016 videtur,
1161 1966 1272 2017 quod
1307 1968 1424 2008 etiam
1463 1967 1556 2007 ideo
1592 1970 1729 2010 crede-

193 2049 299 2087 rem,
352 2038 443 2089 quia
484 2037 583 2078 Mus
627 2039 786 2088 rutilus,
823 2047 866 2078 ut
899 2037 1051 2077 boreali
1081 2036 1248 2086 Sibiriae,
1286 2039 1339 2077 ita
1377 2038 1414 2078 δε
1453 2024 1588 2078 Rulliae
1621 2053 1729 2081 coiu-

193 2110 320 2150 munis
354 2107 429 2157 est,
466 2108 494 2148 fi
527 2109 650 2150 modo
685 2110 850 2149 varietas
879 2107 994 2159 ejus,
1048 2120 1165 2160 quam
1209 2121 1260 2148 cx
1304 2109 1431 2148 Ruffia
1465 2110 1728 2161 descripturus

192 2179 298 2230 sum,
334 2191 418 2219 non
446 2192 517 2232 pro
548 2179 700 2220 diversa
731 2180 863 2232 specie
893 2179 938 2219 (it
974 2179 1170 2219 habenda.
1253 2179 1390 2221 Potuit
1431 2189 1562 2220 tamen
1595 2180 1727 2222 Muris

192 2252 329 2291 arvalis
362 2239 594 2291 varietatem
625 2249 794 2292 voluisse
834 2262 1118 2299 ΜΝΝΑΕνε,
1172 2249 1407 2303 semperque
1443 2264 1515 2302 per
1559 2253 1727 2294 brevem

193 2321 276 2374 ejus
312 2321 672 2372 adumbrationem,
710 2312 873 2363 dubium
908 2321 1163 2373 synonymon
1196 2321 1294 2362 illud
1329 2321 1516 2363 manebit.
