2032 2630
306 194 351 231 18
884 186 1045 229 LEPVS
1099 187 1270 248 ΤΟΕΑῘΣ

302 278 588 324 nvi-somus
625 283 666 322 in
703 278 978 323 additamentis
1040 274 1177 342 (hist.
1206 284 1301 327 nat.
1350 274 1450 330 Vol.
1469 275 1573 336 XV.
1614 273 1846 348 9138.)

300 355 536 394 varietatem
563 353 750 394 Cuniculi
780 354 955 406 europaei
976 353 1105 395 videri
1129 352 1305 402 censuit;
1349 356 1415 396 cui
1446 367 1577 409 nuper
1616 351 1706 401 Cel.
1738 366 1853 397 er-

296 436 570 465 -MERMANN
627 416 773 485 (spec.
809 418 920 469 zool.
951 417 1200 487 geograph.
1255 429 1301 483 p.
1327 418 1496 485 191.)
1558 424 1727 468 affensus
1778 424 1848 467 est.

305 496 508 548 Adeoque
542 508 594 536 ne
632 496 728 536 alios
762 494 994 537 auctoritate
1027 495 1094 536 sua
1128 494 1341 536 senatores
1373 505 1512 549 agant,
1549 497 1655 538 haud
1693 498 1768 538 erit
1790 496 1852 537 su-

302 566 456 619 perflua
488 567 758 619 comparativa
790 565 920 608 nostra
957 565 1073 618 hujus
1106 565 1276 618 Leporis
1314 566 1548 618 descriptio,
1596 579 1718 620 quem
1750 568 1854 608 inter

303 637 532 692 Mongolos
561 647 603 678 et
629 637 868 680 Calmuccos
894 636 1035 695 usitato
1064 639 1229 678 nomine
1266 632 1398 684 Talai
1422 639 1660 691 appellabo,
1703 639 1855 679 nullam

305 719 491 751 caeterum
529 709 730 751 additurus
768 711 951 759 iconem,
1003 721 1127 760 quum
1162 710 1325 758 animal,
1373 718 1515 760 praeter
1549 710 1853 762 proportiones,

303 793 443 835 parum
465 781 513 822 ab
543 768 730 832 europaeo
764 780 928 834 Lepore
958 779 1134 842 differat,
1180 789 1222 821 et
1249 773 1540 826 Gmeliiliarla
1578 781 1672 821 icon
1703 779 1855 821 suffice·

307 863 350 893 re
383 849 496 906 poffe
524 851 719 893 videatur.

412 995 606 1050 Mongoli
631 1004 750 1047 atque
783 994 958 1049 Tungusi
989 994 1194 1037 discrimen
1220 996 1323 1036 inter
1353 979 1461 1037 hunc
1487 1004 1529 1036 et
1554 993 1858 1048 Leporem‘va:

305 1068 505 1116 riabilem,
551 1078 672 1119 quem
707 1066 763 1105 illi
798 1057 1140 1126 Schi-‘ffgdfflchlffl
1179 1065 1219 1104 hi
1251 1062 1461 1126 Ulybggee
1497 1067 1722 1118 appellant,
1768 1075 1854 1106 non

306 1138 433 1179 solum
461 1139 632 1190 hyeme,
670 1149 794 1187 quum
821 1136 886 1188 liic
914 1136 1049 1176 evadit
1073 1137 1204 1184 albus,
1242 1135 1387 1174 Toolai
1416 1136 1485 1174 vix
1511 1139 1702 1178 colorem.
1717 1143 1859 1185 mutat,

307 1208 376 1249 sed
402 1211 520 1249 etiam
551 1207 703 1256 aestate,
722 1219 864 1258 <quum
895 1216 1071 1257 uterque
1090 1206 1204 1246 fimili
1238 1205 1324 1254 fere
1354 1204 1465 1246 veste
1499 1206 1666 1260 gaudet,
1704 1207 1857 1258 optime

307 1281 467 1321 callent.
576 1276 712 1319 Potest
745 1279 863 1318 etiam
898 1277 1088 1329 quilibet,
1141 1277 1368 1317 venationis
1403 1278 1473 1316 vel
1508 1289 1646 1328 parum
1683 1278 1858 1328 peritus,

305 1350 385 1403 jam
419 1350 564 1392 exinde
598 1359 805 1401 utramque
840 1348 1015 1400 speciem
1042 1347 1296 1400 dignoscere,
1335 1347 1471 1397 quod,
1508 1345 1690 1388 instinctu
1727 1347 1857 1387 diver·

308 1422 374 1472 so,
410 1422 548 1474 Lepus
574 1421 771 1461 variabilis
798 1418 847 1459 ad
870 1431 1022 1460 morem
1053 1419 1251 1469 europaei,
1299 1429 1372 1468 per
1400 1417 1584 1469 ambages
1609 1416 1733 1470 fugit,
1778 1428 1857 1457 nec

307 1492 427 1533 facile
463 1493 635 1533 latibulis
666 1491 706 1531 se
741 1491 899 1537 condit,
954 1489 1099 1530 Toolai
1137 1497 1275 1528 contra
1311 1486 1421 1527 rec'to
1452 1487 1565 1529 cursu
1603 1486 1695 1528 ferri
1729 1487 1855 1538 solet,

311 1575 354 1606 et
378 1565 665 1616 quamprimum
691 1560 842 1613 potest,
879 1561 1035 1612 rupium
1062 1559 1254 1609 hiatibus,
1291 1559 1360 1598 vel
1387 1542 1523 1598 alienis
1551 1559 1745 1600 cuniculis
1773 1557 1856 1599 sese

312 1644 472 1676 tutatur.
548 1632 714 1674 Certum
741 1640 874 1671 tamen
902 1628 979 1681 est,
1025 1629 1200 1671 eundem
1236 1641 1452 1681 numquam
1478 1631 1642 1682 propios
1667 1641 1719 1670 ex
1743 1630 1858 1670 indu-

311 1705 400 1747 stria
428 1706 635 1747 cuniculos
664 1701 866 1751 effodere,
903 1712 948 1741 ut
975 1700 1265 1741 Cuniculorum
1290 1712 1377 1741 mos
1405 1699 1482 1750 est,
1519 1711 1653 1752 neque
1682 1700 1752 1740 nist
1784 1711 1856 1752 pe·

300 1779 440 1818 >riculo
464 1773 636 1828 preffum
663 1772 875 1819 abscondi,
921 1772 1054 1823 potius
1082 1773 1122 1811 in
1151 1773 1307 1824 aprico,
1352 1771 1455 1811 inter
1479 1770 1662 1811 Robiniae
1695 1781 1736 1811 et
1762 1769 1859 1810 Sali-

315 1861 407 1890 cum
436 1848 584 1901 pumila
612 1845 782 1899 virgulta
819 1842 963 1883 versari
996 1852 1117 1891 amat,
1170 1853 1192 1881 e
1233 1843 1375 1895 quibus
1414 1842 1657 1893 praecipuum
1701 1842 1756 1880 illi
1793 1841 1860 1880 ali-

316 1929 510 1962 mentum.
602 1915 800 1956 Caeterum
831 1915 871 1953 in
901 1914 1104 1954 montibus
1142 1914 1305 1964 apricis,
1350 1907 1581 1964 campisque
1618 1909 1859 1963 rupestribus

316 1992 387 2033 vel
421 1988 592 2031 arenosis
632 1988 736 2027 circa
767 1984 1001 2037 SeIengmn,
1054 1984 1123 2023 ubi
1155 1981 1293 2034 Lepus
1334 1980 1518 2035 rupestris
1572 1975 1858 2040 (Kamennoi

321 2053 466 2119 Sae‘z)
511 2061 614 2100 inter
645 2054 791 2097 Ruffos'
829 2054 957 2105 audit,
1003 2055 1061 2094 uti
1098 2065 1170 2105 per
1201 2065 1363 2094 omnem
1402 2065 1568 2104 quoque
1601 2034 1858 2105 Mongolizim

322 2143 441 2185 atque
472 2130 712 2177 Davuriam,
756 2137 949 2178 nusquam
981 2123 1112 2172 deest,
1157 2122 1408 2175 frequentior
1447 2124 1501 2163 ibi
1531 2123 1694 2174 Lepore
1736 2124 1859 2163 varia-

318 2204 414 2249 bili3
451 2200 501 2240 ad
523 2199 836 2252 septentrionem
863 2204 1001 2236 contra
1026 2195 1197 2236 Ba'skalis
1223 2207 1307 2235 non
1339 2194 1607 2234 observabilis.
1679 2192 1857 2243 Tempus

325 2272 425 2316 oestri
456 2281 662 2324 et·partus
700 2280 913 2309 commune
949 2278 1041 2308 cum
1073 2265 1235 2318 Lepore
1266 2266 1443 2305 variabili
1479 2264 1635 2305 servare
1677 2263 1860 2305 videtur:

1984 2323 1997 2630 Μῷρ-ὸ-,μ
1989 2263 1992 2302 Μ,
