<?xml version="1.0" encoding="UTF-8"?>
<!DOCTYPE html PUBLIC "-//W3C//DTD XHTML 1.0 Transitional//EN"
    "http://www.w3.org/TR/xhtml1/DTD/xhtml1-transitional.dtd">
<html xmlns="http://www.w3.org/1999/xhtml" xml:lang="en" lang="en">
 <head>
  <title>
</title>
<meta http-equiv="Content-Type" content="text/html;charset=utf-8" />
  <meta name='ocr-system' content='tesseract 3.04.00' />
  <meta name='ocr-capabilities' content='ocr_page ocr_carea ocr_par ocr_line ocrx_word'/>
</head>
<body>
  <div class='ocr_page' id='page_1' title='image "./novaespeciesqvad00pall/novaespeciesqvad00pall_0123.png"; bbox 0 0 2032 2630; ppageno 0'>
   <div class='ocr_carea' id='block_1_1' title="bbox 584 182 1773 239">
    <p class='ocr_par' dir='ltr' id='par_1_1' title="bbox 584 182 1773 239">
     <span class='ocr_line' id='line_1_1' title="bbox 584 182 1773 239; baseline 0.012 -24"><span class='ocrx_word' id='word_1_1' title='bbox 584 182 868 217; x_wconf 78' lang='lat' dir='ltr'>ARCTOMYS</span> <span class='ocrx_word' id='word_1_2' title='bbox 900 183 1196 218; x_wconf 77' lang='lat' dir='ltr'>MARMOTAE</span> <span class='ocrx_word' id='word_1_3' title='bbox 1214 186 1440 232; x_wconf 28' lang='lat' dir='ltr'><strong>lammis.</strong></span> <span class='ocrx_word' id='word_1_4' title='bbox 1700 202 1773 239; x_wconf 80' lang='lat'><strong>107</strong></span> 
     </span>
    </p>
   </div>
   <div class='ocr_carea' id='block_1_2' title="bbox 190 279 1772 890">
    <p class='ocr_par' dir='ltr' id='par_1_2' title="bbox 190 279 1772 890">
     <span class='ocr_line' id='line_1_2' title="bbox 235 279 1772 334; baseline 0.001 -11"><span class='ocrx_word' id='word_1_5' title='bbox 235 282 359 330; x_wconf 79' lang='lat' dir='ltr'><strong>cubili</strong></span> <span class='ocrx_word' id='word_1_6' title='bbox 387 281 495 322; x_wconf 90' lang='lat' dir='ltr'><strong>bene</strong></span> <span class='ocrx_word' id='word_1_7' title='bbox 530 279 749 330; x_wconf 74' lang='lat' dir='ltr'><strong>calefacto,</strong></span> <span class='ocrx_word' id='word_1_8' title='bbox 785 280 855 321; x_wconf 92' lang='lat' dir='ltr'><strong>ubi</strong></span> <span class='ocrx_word' id='word_1_9' title='bbox 887 281 1011 322; x_wconf 88' lang='lat' dir='ltr'><strong>latere</strong></span> <span class='ocrx_word' id='word_1_10' title='bbox 1042 291 1275 334; x_wconf 87' lang='lat' dir='ltr'><strong>nequeunt,</strong></span> <span class='ocrx_word' id='word_1_11' title='bbox 1311 283 1473 325; x_wconf 82' lang='lat' dir='ltr'><strong>servatae</strong></span> <span class='ocrx_word' id='word_1_12' title='bbox 1507 298 1590 327; x_wconf 88' lang='lat' dir='ltr'><strong>non</strong></span> <span class='ocrx_word' id='word_1_13' title='bbox 1624 288 1772 329; x_wconf 75' lang='lat' dir='ltr'><strong>obdor-</strong></span> 
     </span>
     <span class='ocr_line' id='line_1_3' title="bbox 233 351 1769 412; baseline 0.003 -19"><span class='ocrx_word' id='word_1_14' title='bbox 233 352 422 401; x_wconf 89' lang='lat' dir='ltr'><strong>miscunt,</strong></span> <span class='ocrx_word' id='word_1_15' title='bbox 459 363 594 403; x_wconf 89' lang='lat' dir='ltr'><strong>ncquc</strong></span> <span class='ocrx_word' id='word_1_16' title='bbox 627 364 648 392; x_wconf 86' lang='lat' dir='ltr'><strong>a</strong></span> <span class='ocrx_word' id='word_1_17' title='bbox 681 351 773 392; x_wconf 92' lang='lat' dir='ltr'><strong>cibo</strong></span> <span class='ocrx_word' id='word_1_18' title='bbox 809 352 929 404; x_wconf 89' lang='lat' dir='ltr'><strong>plane</strong></span> <span class='ocrx_word' id='word_1_19' title='bbox 966 351 1185 403; x_wconf 88' lang='lat' dir='ltr'><strong>abstinent,</strong></span> <span class='ocrx_word' id='word_1_20' title='bbox 1230 353 1299 395; x_wconf 85' lang='lat' dir='ltr'><strong>sed</strong></span> <span class='ocrx_word' id='word_1_21' title='bbox 1344 354 1490 409; x_wconf 78' lang='lat' dir='ltr'><strong>(quod</strong></span> <span class='ocrx_word' id='word_1_22' title='bbox 1525 358 1564 398; x_wconf 87' lang='lat' dir='ltr'><strong>in</strong></span> <span class='ocrx_word' id='word_1_23' title='bbox 1600 362 1769 412; x_wconf 76' lang='lat' dir='ltr'><strong>propriis</strong></span> 
     </span>
     <span class='ocr_line' id='line_1_4' title="bbox 233 421 1770 483; baseline 0.003 -20"><span class='ocrx_word' id='word_1_24' title='bbox 233 423 273 464; x_wconf 88' lang='lat'>&amp;</span> <span class='ocrx_word' id='word_1_25' title='bbox 297 424 432 463; x_wconf 87' lang='lat' dir='ltr'><strong>alienis</strong></span> <span class='ocrx_word' id='word_1_26' title='bbox 466 421 702 475; x_wconf 78' lang='lat' dir='ltr'><strong>observavi)</strong></span> <span class='ocrx_word' id='word_1_27' title='bbox 740 434 878 474; x_wconf 85' lang='lat' dir='ltr'><strong>manc,</strong></span> <span class='ocrx_word' id='word_1_28' title='bbox 914 421 1003 475; x_wconf 88' lang='lat' dir='ltr'><strong>post</strong></span> <span class='ocrx_word' id='word_1_29' title='bbox 1032 423 1239 464; x_wconf 83' lang='lat' dir='ltr'>meridiem</span> <span class='ocrx_word' id='word_1_30' title='bbox 1280 425 1318 465; x_wconf 89' lang='lat'>&amp;</span> <span class='ocrx_word' id='word_1_31' title='bbox 1363 427 1519 478; x_wconf 80' lang='lat' dir='ltr'><strong>vesperi</strong></span> <span class='ocrx_word' id='word_1_32' title='bbox 1557 441 1630 480; x_wconf 84' lang='lat' dir='ltr'><strong>per</strong></span> <span class='ocrx_word' id='word_1_33' title='bbox 1673 443 1770 483; x_wconf 84' lang='lat' dir='ltr'><strong>qua.</strong></span> 
     </span>
     <span class='ocr_line' id='line_1_5' title="bbox 233 492 1768 546; baseline 0.001 -12"><span class='ocrx_word' id='word_1_34' title='bbox 233 493 412 535; x_wconf 87' lang='lat' dir='ltr'><strong>drantem</strong></span> <span class='ocrx_word' id='word_1_35' title='bbox 445 495 601 535; x_wconf 84' lang='lat' dir='ltr'>circiter</span> <span class='ocrx_word' id='word_1_36' title='bbox 633 494 740 535; x_wconf 79' lang='lat' dir='ltr'><strong>horae</strong></span> <span class='ocrx_word' id='word_1_37' title='bbox 773 502 883 533; x_wconf 84' lang='lat' dir='ltr'><strong>extra</strong></span> <span class='ocrx_word' id='word_1_38' title='bbox 916 492 1053 534; x_wconf 88' lang='lat' dir='ltr'><strong>nidum</strong></span> <span class='ocrx_word' id='word_1_39' title='bbox 1091 494 1313 546; x_wconf 86' lang='lat' dir='ltr'><strong>ambulant,</strong></span> <span class='ocrx_word' id='word_1_40' title='bbox 1357 498 1406 537; x_wconf 86' lang='lat' dir='ltr'><strong>ad</strong></span> <span class='ocrx_word' id='word_1_41' title='bbox 1438 498 1621 542; x_wconf 85' lang='lat' dir='ltr'><strong>homines</strong></span> <span class='ocrx_word' id='word_1_42' title='bbox 1654 514 1768 544; x_wconf 72' lang='lat' dir='ltr'><strong>acce-</strong></span> 
     </span>
     <span class='ocr_line' id='line_1_6' title="bbox 190 563 1767 617; baseline 0.001 -11"><span class='ocrx_word' id='word_1_43' title='bbox 190 605 196 611; x_wconf 63' lang='lat'>„</span> <span class='ocrx_word' id='word_1_44' title='bbox 235 566 355 615; x_wconf 83' lang='lat' dir='ltr'><strong>dunt,</strong></span> <span class='ocrx_word' id='word_1_45' title='bbox 393 563 574 605; x_wconf 77' lang='lat' dir='ltr'><strong>&amp;-canis</strong></span> <span class='ocrx_word' id='word_1_46' title='bbox 609 564 724 605; x_wconf 87' lang='lat' dir='ltr'><strong>instar</strong></span> <span class='ocrx_word' id='word_1_47' title='bbox 756 564 896 617; x_wconf 88' lang='lat' dir='ltr'><strong>palmis</strong></span> <span class='ocrx_word' id='word_1_48' title='bbox 930 563 980 603; x_wconf 85' lang='lat' dir='ltr'><strong>ad</strong></span> <span class='ocrx_word' id='word_1_49' title='bbox 1008 575 1142 617; x_wconf 86' lang='lat' dir='ltr'><strong>genua</strong></span> <span class='ocrx_word' id='word_1_50' title='bbox 1172 564 1311 605; x_wconf 64' lang='lat' dir='ltr'><strong>eredtae</strong></span> <span class='ocrx_word' id='word_1_51' title='bbox 1348 579 1437 608; x_wconf 88' lang='lat' dir='ltr'><strong>cum</strong></span> <span class='ocrx_word' id='word_1_52' title='bbox 1470 581 1667 613; x_wconf 84' lang='lat' dir='ltr'><strong>murmure</strong></span> <span class='ocrx_word' id='word_1_53' title='bbox 1696 574 1767 615; x_wconf 87' lang='lat' dir='ltr'><strong>de-</strong></span> 
     </span>
     <span class='ocr_line' id='line_1_7' title="bbox 230 634 1767 695; baseline 0.002 -18"><span class='ocrx_word' id='word_1_54' title='bbox 230 636 397 677; x_wconf 83' lang='lat' dir='ltr'>mulceri</span> <span class='ocrx_word' id='word_1_55' title='bbox 428 636 467 677; x_wconf 90' lang='lat' dir='ltr'><strong>se</strong></span> <span class='ocrx_word' id='word_1_56' title='bbox 503 635 730 688; x_wconf 84' lang='lat' dir='ltr'><strong>postulant;</strong></span> <span class='ocrx_word' id='word_1_57' title='bbox 783 634 996 686; x_wconf 87' lang='lat' dir='ltr'><strong>parcisfime</strong></span> <span class='ocrx_word' id='word_1_58' title='bbox 1041 644 1174 676; x_wconf 89' lang='lat' dir='ltr'><strong>autem</strong></span> <span class='ocrx_word' id='word_1_59' title='bbox 1217 637 1394 678; x_wconf 87' lang='lat' dir='ltr'><strong>oblatum</strong></span> <span class='ocrx_word' id='word_1_60' title='bbox 1436 641 1569 681; x_wconf 88' lang='lat' dir='ltr'><strong>cibum</strong></span> <span class='ocrx_word' id='word_1_61' title='bbox 1610 643 1767 695; x_wconf 79' lang='lat' dir='ltr'><strong>gustant</strong></span> 
     </span>
     <span class='ocr_line' id='line_1_8' title="bbox 231 705 1767 766; baseline 0.005 -19"><span class='ocrx_word' id='word_1_62' title='bbox 231 706 272 747; x_wconf 90' lang='lat'>&amp;</span> <span class='ocrx_word' id='word_1_63' title='bbox 298 707 405 758; x_wconf 84' lang='lat' dir='ltr'><strong>quasi</strong></span> <span class='ocrx_word' id='word_1_64' title='bbox 440 708 672 748; x_wconf 85' lang='lat' dir='ltr'><strong>nauseantes</strong></span> <span class='ocrx_word' id='word_1_65' title='bbox 707 705 908 757; x_wconf 85' lang='lat' dir='ltr'><strong>abjiciunt.</strong></span> <span class='ocrx_word' id='word_1_66' title='bbox 981 705 1197 746; x_wconf 86' lang='lat' dir='ltr'><strong>Plurimum</strong></span> <span class='ocrx_word' id='word_1_67' title='bbox 1231 710 1420 760; x_wconf 88' lang='lat' dir='ltr'><strong>temporis</strong></span> <span class='ocrx_word' id='word_1_68' title='bbox 1455 711 1494 750; x_wconf 90' lang='lat'>&amp;</span> <span class='ocrx_word' id='word_1_69' title='bbox 1520 721 1641 752; x_wconf 83' lang='lat' dir='ltr'><strong>totam</strong></span> <span class='ocrx_word' id='word_1_70' title='bbox 1671 728 1767 766; x_wconf 75' lang='lat' dir='ltr'><strong>prae-</strong></span> 
     </span>
     <span class='ocr_line' id='line_1_9' title="bbox 228 775 1763 838; baseline 0.005 -20"><span class='ocrx_word' id='word_1_71' title='bbox 228 777 359 818; x_wconf 89' lang='lat' dir='ltr'><strong>sertim</strong></span> <span class='ocrx_word' id='word_1_72' title='bbox 390 776 553 819; x_wconf 60' lang='lat' dir='ltr'><strong>noctem</strong></span> <span class='ocrx_word' id='word_1_73' title='bbox 583 776 787 829; x_wconf 87' lang='lat' dir='ltr'><strong>profundo</strong></span> <span class='ocrx_word' id='word_1_74' title='bbox 823 776 968 830; x_wconf 89' lang='lat' dir='ltr'><strong>sopore</strong></span> <span class='ocrx_word' id='word_1_75' title='bbox 994 775 1186 830; x_wconf 77' lang='lat' dir='ltr'><strong>opprefl&#39;ae</strong></span> <span class='ocrx_word' id='word_1_76' title='bbox 1217 778 1452 834; x_wconf 83' lang='lat' dir='ltr'><strong>transigunt,</strong></span> <span class='ocrx_word' id='word_1_77' title='bbox 1488 782 1628 836; x_wconf 78' lang='lat' dir='ltr'><strong>insigni</strong></span> <span class='ocrx_word' id='word_1_78' title='bbox 1660 784 1763 838; x_wconf 81' lang='lat' dir='ltr'><strong>saepe</strong></span> 
     </span>
     <span class='ocr_line' id='line_1_10' title="bbox 232 847 528 890; baseline -0.007 0"><span class='ocrx_word' id='word_1_79' title='bbox 232 861 325 890; x_wconf 90' lang='lat' dir='ltr'><strong>cum</strong></span> <span class='ocrx_word' id='word_1_80' title='bbox 350 847 528 890; x_wconf 86' lang='lat' dir='ltr'><strong>stertore.</strong></span> 
     </span>
    </p>
   </div>
   <div class='ocr_carea' id='block_1_3' title="bbox 209 931 1762 2268">
    <p class='ocr_par' dir='ltr' id='par_1_3' title="bbox 209 931 1762 2268">
     <span class='ocr_line' id='line_1_11' title="bbox 365 931 1762 990; baseline 0.007 -19"><span class='ocrx_word' id='word_1_81' title='bbox 365 931 578 985; x_wconf 64' lang='lat' dir='ltr'><strong>Aretomys</strong></span> <span class='ocrx_word' id='word_1_82' title='bbox 611 932 775 974; x_wconf 84' lang='lat' dir='ltr'><strong>femella</strong></span> <span class='ocrx_word' id='word_1_83' title='bbox 809 931 1091 984; x_wconf 84' lang='lat' dir='ltr'>quadriennis,</span> <span class='ocrx_word' id='word_1_84' title='bbox 1134 933 1406 987; x_wconf 77' lang='lat' dir='ltr'><strong>pinguissima,</strong></span> <span class='ocrx_word' id='word_1_85' title='bbox 1460 949 1579 988; x_wconf 91' lang='lat' dir='ltr'><strong>quam</strong></span> <span class='ocrx_word' id='word_1_86' title='bbox 1612 938 1762 990; x_wconf 79' lang='lat' dir='ltr'><strong>hyeme</strong></span> 
     </span>
     <span class='ocr_line' id='line_1_12' title="bbox 231 1002 1755 1062; baseline 0.005 -20"><span class='ocrx_word' id='word_1_87' title='bbox 231 1003 350 1053; x_wconf 63' lang='lat'><strong>1763.&gt;</strong></span> <span class='ocrx_word' id='word_1_88' title='bbox 382 1002 702 1044; x_wconf 78' lang='lat' dir='ltr'><strong>familiarissimam</strong></span> <span class='ocrx_word' id='word_1_89' title='bbox 737 1004 846 1052; x_wconf 88' lang='lat' dir='ltr'><strong>alui,</strong></span> <span class='ocrx_word' id='word_1_90' title='bbox 891 1003 929 1043; x_wconf 91' lang='lat'>&amp;</span> <span class='ocrx_word' id='word_1_91' title='bbox 960 1004 1001 1042; x_wconf 93' lang='lat' dir='ltr'><strong>in</strong></span> <span class='ocrx_word' id='word_1_92' title='bbox 1035 1015 1114 1055; x_wconf 91' lang='lat' dir='ltr'><strong>qua</strong></span> <span class='ocrx_word' id='word_1_93' title='bbox 1140 1003 1359 1057; x_wconf 79' lang='lat' dir='ltr'><strong>(conclavi</strong></span> <span class='ocrx_word' id='word_1_94' title='bbox 1386 1006 1436 1046; x_wconf 86' lang='lat' dir='ltr'><strong>ad</strong></span> <span class='ocrx_word' id='word_1_95' title='bbox 1471 1019 1544 1047; x_wconf 86' lang='lat'><strong>120</strong></span> <span class='ocrx_word' id='word_1_96' title='bbox 1581 1008 1620 1049; x_wconf 75' lang='grc' dir='ltr'><strong>δι</strong></span> <span class='ocrx_word' id='word_1_97' title='bbox 1656 1002 1755 1062; x_wconf 62' lang='grc' dir='ltr'><strong>125Ϋ</strong></span> 
     </span>
     <span class='ocr_line' id='line_1_13' title="bbox 227 1067 1762 1134; baseline 0.003 -17"><span class='ocrx_word' id='word_1_98' title='bbox 227 1067 373 1117; x_wconf 65' lang='lat' dir='ltr'><strong>Scalae</strong></span> <span class='ocrx_word' id='word_1_99' title='bbox 411 1069 464 1116; x_wconf 79' lang='lat' dir='ltr'><strong>lle</strong></span> <span class='ocrx_word' id='word_1_100' title='bbox 504 1067 749 1134; x_wconf 75' lang='lat' dir='ltr'><strong>L&#39;Islilmae</strong></span> <span class='ocrx_word' id='word_1_101' title='bbox 785 1071 967 1126; x_wconf 79' lang='lat' dir='ltr'><strong>calente)</strong></span> <span class='ocrx_word' id='word_1_102' title='bbox 1006 1074 1335 1116; x_wconf 86' lang='lat' dir='ltr'><strong>thermometrum</strong></span> <span class='ocrx_word' id='word_1_103' title='bbox 1369 1078 1472 1118; x_wconf 88' lang='lat' dir='ltr'><strong>inter</strong></span> <span class='ocrx_word' id='word_1_104' title='bbox 1505 1080 1668 1132; x_wconf 80' lang='lat' dir='ltr'>inguina</span> <span class='ocrx_word' id='word_1_105' title='bbox 1702 1083 1762 1122; x_wconf 85' lang='lat' dir='ltr'><strong>in-</strong></span> 
     </span>
     <span class='ocr_line' id='line_1_14' title="bbox 222 1134 1761 1208; baseline 0.006 -24"><span class='ocrx_word' id='word_1_106' title='bbox 222 1143 368 1184; x_wconf 85' lang='lat' dir='ltr'><strong>sertum</strong></span> <span class='ocrx_word' id='word_1_107' title='bbox 396 1145 495 1184; x_wconf 86' lang='lat' dir='ltr'><strong>ultra</strong></span> <span class='ocrx_word' id='word_1_108' title='bbox 530 1134 637 1195; x_wconf 57' lang='lat'><em>¹04?</em></span> <span class='ocrx_word' id='word_1_109' title='bbox 681 1143 922 1194; x_wconf 84' lang='lat' dir='ltr'><strong>calescedat,</strong></span> <span class='ocrx_word' id='word_1_110' title='bbox 960 1145 998 1185; x_wconf 86' lang='lat' dir='ltr'><strong>d.</strong></span> <span class='ocrx_word' id='word_1_111' title='bbox 1034 1157 1080 1185; x_wconf 91' lang='lat' dir='ltr'><strong>1v</strong></span> <span class='ocrx_word' id='word_1_112' title='bbox 1103 1145 1364 1197; x_wconf 80' lang='lat' dir='ltr'><strong>Decembris,</strong></span> <span class='ocrx_word' id='word_1_113' title='bbox 1400 1148 1647 1201; x_wconf 74' lang='lat' dir='ltr'><strong>insignitum</strong></span> <span class='ocrx_word' id='word_1_114' title='bbox 1675 1165 1761 1208; x_wconf 87' lang='lat' dir='ltr'><strong>reg-</strong></span> 
     </span>
     <span class='ocr_line' id='line_1_15' title="bbox 223 1214 1760 1274; baseline 0.007 -20"><span class='ocrx_word' id='word_1_115' title='bbox 223 1224 347 1255; x_wconf 84' lang='lat' dir='ltr'>nante</span> <span class='ocrx_word' id='word_1_116' title='bbox 379 1215 497 1268; x_wconf 90' lang='lat' dir='ltr'><strong>gelu,</strong></span> <span class='ocrx_word' id='word_1_117' title='bbox 535 1217 798 1268; x_wconf 84' lang='lat' dir='ltr'><strong>experimenti</strong></span> <span class='ocrx_word' id='word_1_118' title='bbox 833 1217 954 1268; x_wconf 86' lang='lat' dir='ltr'><strong>gratia</strong></span> <span class='ocrx_word' id='word_1_119' title='bbox 988 1217 1029 1255; x_wconf 90' lang='lat' dir='ltr'><strong>in</strong></span> <span class='ocrx_word' id='word_1_120' title='bbox 1062 1214 1299 1269; x_wconf 86' lang='lat' dir='ltr'><strong>frigidiffima</strong></span> <span class='ocrx_word' id='word_1_121' title='bbox 1331 1230 1487 1260; x_wconf 88' lang='lat' dir='ltr'><strong>camera</strong></span> <span class='ocrx_word' id='word_1_122' title='bbox 1519 1222 1568 1262; x_wconf 89' lang='lat' dir='ltr'><strong>ad</strong></span> <span class='ocrx_word' id='word_1_123' title='bbox 1603 1234 1760 1274; x_wconf 88' lang='lat' dir='ltr'><strong>portam</strong></span> 
     </span>
     <span class='ocr_line' id='line_1_16' title="bbox 223 1285 1758 1346; baseline 0.005 -19"><span class='ocrx_word' id='word_1_124' title='bbox 223 1287 365 1327; x_wconf 89' lang='lat' dir='ltr'><strong>domus</strong></span> <span class='ocrx_word' id='word_1_125' title='bbox 395 1285 545 1338; x_wconf 80' lang='lat' dir='ltr'><strong>posita,</strong></span> <span class='ocrx_word' id='word_1_126' title='bbox 582 1287 759 1339; x_wconf 87' lang='lat' dir='ltr'><strong>undique</strong></span> <span class='ocrx_word' id='word_1_127' title='bbox 795 1286 924 1328; x_wconf 88' lang='lat' dir='ltr'><strong>clausa</strong></span> <span class='ocrx_word' id='word_1_128' title='bbox 957 1286 999 1329; x_wconf 75' lang='grc' dir='ltr'><strong>,δε</strong></span> <span class='ocrx_word' id='word_1_129' title='bbox 1031 1286 1216 1337; x_wconf 86' lang='lat' dir='ltr'><strong>obscura,</strong></span> <span class='ocrx_word' id='word_1_130' title='bbox 1257 1290 1408 1342; x_wconf 86' lang='lat' dir='ltr'><strong>vixque</strong></span> <span class='ocrx_word' id='word_1_131' title='bbox 1445 1291 1472 1329; x_wconf 94' lang='lat'><em>6</em></span> <span class='ocrx_word' id='word_1_132' title='bbox 1504 1291 1552 1331; x_wconf 86' lang='lat' dir='ltr'><strong>ad</strong></span> <span class='ocrx_word' id='word_1_133' title='bbox 1589 1296 1758 1346; x_wconf 87' lang='lat' dir='ltr'><strong>8pedes</strong></span> 
     </span>
     <span class='ocr_line' id='line_1_17' title="bbox 220 1356 1758 1413; baseline 0.007 -17"><span class='ocrx_word' id='word_1_134' title='bbox 220 1358 321 1406; x_wconf 74' lang='lat' dir='ltr'><strong>lata,</strong></span> <span class='ocrx_word' id='word_1_135' title='bbox 357 1356 647 1397; x_wconf 84' lang='lat' dir='ltr'><strong>includebatur.</strong></span> <span class='ocrx_word' id='word_1_136' title='bbox 721 1357 835 1398; x_wconf 83' lang='lat' dir='ltr'><strong>Rosit</strong></span> <span class='ocrx_word' id='word_1_137' title='bbox 865 1359 992 1410; x_wconf 89' lang='lat' dir='ltr'><strong>primo</strong></span> <span class='ocrx_word' id='word_1_138' title='bbox 1019 1366 1173 1411; x_wconf 87' lang='lat' dir='ltr'><strong>portam</strong></span> <span class='ocrx_word' id='word_1_139' title='bbox 1209 1359 1248 1399; x_wconf 90' lang='lat'>&amp;</span> <span class='ocrx_word' id='word_1_140' title='bbox 1279 1361 1552 1412; x_wconf 83' lang='lat' dir='ltr'><strong>inquietiffima</strong></span> <span class='ocrx_word' id='word_1_141' title='bbox 1582 1362 1680 1413; x_wconf 68' lang='lat' dir='ltr'><strong>fuit,</strong></span> <span class='ocrx_word' id='word_1_142' title='bbox 1706 1379 1758 1409; x_wconf 81' lang='lat' dir='ltr'><strong>ex</strong></span> 
     </span>
     <span class='ocr_line' id='line_1_18' title="bbox 223 1426 1757 1485; baseline 0.007 -18"><span class='ocrx_word' id='word_1_143' title='bbox 223 1426 381 1479; x_wconf 71' lang='lat' dir='ltr'><strong>objecta</strong></span> <span class='ocrx_word' id='word_1_144' title='bbox 417 1427 564 1469; x_wconf 86' lang='lat' dir='ltr'><strong>deinde</strong></span> <span class='ocrx_word' id='word_1_145' title='bbox 601 1427 742 1481; x_wconf 90' lang='lat' dir='ltr'>stuppa</span> <span class='ocrx_word' id='word_1_146' title='bbox 774 1429 914 1469; x_wconf 89' lang='lat' dir='ltr'><strong>nidum</strong></span> <span class='ocrx_word' id='word_1_147' title='bbox 946 1430 986 1468; x_wconf 89' lang='lat' dir='ltr'><strong>in</strong></span> <span class='ocrx_word' id='word_1_148' title='bbox 1021 1431 1166 1483; x_wconf 88' lang='lat' dir='ltr'><strong>angulo</strong></span> <span class='ocrx_word' id='word_1_149' title='bbox 1204 1432 1376 1483; x_wconf 86' lang='lat' dir='ltr'><strong>paravit,</strong></span> <span class='ocrx_word' id='word_1_150' title='bbox 1430 1445 1452 1473; x_wconf 88' lang='lat' dir='ltr'><strong>e</strong></span> <span class='ocrx_word' id='word_1_151' title='bbox 1479 1446 1560 1485; x_wconf 92' lang='lat' dir='ltr'><strong>quo</strong></span> <span class='ocrx_word' id='word_1_152' title='bbox 1599 1437 1757 1478; x_wconf 80' lang='lat' dir='ltr'><strong>nonnifi</strong></span> 
     </span>
     <span class='ocr_line' id='line_1_19' title="bbox 218 1499 1757 1557; baseline 0.007 -19"><span class='ocrx_word' id='word_1_153' title='bbox 218 1510 305 1539; x_wconf 87' lang='lat' dir='ltr'><strong>raro</strong></span> <span class='ocrx_word' id='word_1_154' title='bbox 338 1499 545 1550; x_wconf 87' lang='lat' dir='ltr'><strong>prodibat,</strong></span> <span class='ocrx_word' id='word_1_155' title='bbox 581 1500 788 1551; x_wconf 84' lang='lat' dir='ltr'><strong>praebitum</strong></span> <span class='ocrx_word' id='word_1_156' title='bbox 822 1511 969 1551; x_wconf 89' lang='lat' dir='ltr'><strong>panem</strong></span> <span class='ocrx_word' id='word_1_157' title='bbox 1000 1500 1177 1540; x_wconf 89' lang='lat' dir='ltr'><strong>rarisfime</strong></span> <span class='ocrx_word' id='word_1_158' title='bbox 1212 1512 1419 1553; x_wconf 85' lang='lat' dir='ltr'><strong>appetens.</strong></span> <span class='ocrx_word' id='word_1_159' title='bbox 1508 1503 1757 1557; x_wconf 84' lang='lat' dir='ltr'><strong>Insequenti-</strong></span> 
     </span>
     <span class='ocr_line' id='line_1_20' title="bbox 218 1567 1754 1630; baseline 0.005 -21"><span class='ocrx_word' id='word_1_160' title='bbox 218 1569 292 1610; x_wconf 88' lang='lat' dir='ltr'><strong>bus</strong></span> <span class='ocrx_word' id='word_1_161' title='bbox 337 1569 479 1611; x_wconf 89' lang='lat' dir='ltr'><strong>diebus</strong></span> <span class='ocrx_word' id='word_1_162' title='bbox 520 1568 675 1624; x_wconf 86' lang='lat' dir='ltr'><strong>frigus,</strong></span> <span class='ocrx_word' id='word_1_163' title='bbox 727 1571 839 1622; x_wconf 89' lang='lat' dir='ltr'><strong>quod</strong></span> <span class='ocrx_word' id='word_1_164' title='bbox 879 1569 939 1610; x_wconf 92' lang='lat' dir='ltr'><strong>VI</strong></span> <span class='ocrx_word' id='word_1_165' title='bbox 979 1570 1017 1610; x_wconf 90' lang='lat'>&amp;</span> <span class='ocrx_word' id='word_1_166' title='bbox 1050 1570 1130 1611; x_wconf 89' lang='lat' dir='ltr'><strong>VII</strong></span> <span class='ocrx_word' id='word_1_167' title='bbox 1160 1571 1402 1614; x_wconf 84' lang='lat' dir='ltr'><strong>Decembris</strong></span> <span class='ocrx_word' id='word_1_168' title='bbox 1435 1575 1483 1615; x_wconf 90' lang='lat' dir='ltr'><strong>ad</strong></span> <span class='ocrx_word' id='word_1_169' title='bbox 1519 1567 1622 1620; x_wconf 70' lang='lat'>168?</span> <span class='ocrx_word' id='word_1_170' title='bbox 1664 1580 1754 1630; x_wconf 90' lang='lat' dir='ltr'><strong>post</strong></span> 
     </span>
     <span class='ocr_line' id='line_1_21' title="bbox 216 1639 1754 1697; baseline 0.007 -16"><span class='ocrx_word' id='word_1_171' title='bbox 216 1639 380 1681; x_wconf 76' lang='lat' dir='ltr'><strong>XIXnum</strong></span> <span class='ocrx_word' id='word_1_172' title='bbox 405 1640 583 1691; x_wconf 88' lang='lat' dir='ltr'><strong>ejusdem</strong></span> <span class='ocrx_word' id='word_1_173' title='bbox 622 1641 794 1692; x_wconf 79' lang='lat' dir='ltr'><strong>mensis,</strong></span> <span class='ocrx_word' id='word_1_174' title='bbox 850 1643 1037 1694; x_wconf 83' lang='lat' dir='ltr'><strong>aquilone</strong></span> <span class='ocrx_word' id='word_1_175' title='bbox 1071 1644 1404 1695; x_wconf 83' lang='lat' dir='ltr'><strong>penetrantiflimo</strong></span> <span class='ocrx_word' id='word_1_176' title='bbox 1446 1645 1599 1697; x_wconf 87' lang='lat' dir='ltr'><strong>fiante,</strong></span> <span class='ocrx_word' id='word_1_177' title='bbox 1652 1649 1754 1692; x_wconf 89' lang='lat' dir='ltr'><strong>infra</strong></span> 
     </span>
     <span class='ocr_line' id='line_1_22' title="bbox 219 1702 1753 1767; baseline 0.007 -16"><span class='ocrx_word' id='word_1_178' title='bbox 219 1702 324 1761; x_wconf 61' lang='lat'>170?</span> <span class='ocrx_word' id='word_1_179' title='bbox 366 1711 494 1761; x_wconf 88' lang='lat' dir='ltr'><strong>stetit,</strong></span> <span class='ocrx_word' id='word_1_180' title='bbox 530 1713 636 1753; x_wconf 90' lang='lat' dir='ltr'><strong>bene</strong></span> <span class='ocrx_word' id='word_1_181' title='bbox 672 1714 783 1767; x_wconf 89' lang='lat' dir='ltr'><strong>tulit,</strong></span> <span class='ocrx_word' id='word_1_182' title='bbox 820 1713 936 1754; x_wconf 90' lang='lat' dir='ltr'><strong>solito</strong></span> <span class='ocrx_word' id='word_1_183' title='bbox 969 1726 1081 1753; x_wconf 88' lang='lat' dir='ltr'><strong>more</strong></span> <span class='ocrx_word' id='word_1_184' title='bbox 1119 1716 1274 1767; x_wconf 83' lang='lat' dir='ltr'><strong>viguit,</strong></span> <span class='ocrx_word' id='word_1_185' title='bbox 1327 1716 1425 1757; x_wconf 89' lang='lat' dir='ltr'><strong>nido</strong></span> <span class='ocrx_word' id='word_1_186' title='bbox 1467 1717 1632 1760; x_wconf 89' lang='lat' dir='ltr'><strong>subinde</strong></span> <span class='ocrx_word' id='word_1_187' title='bbox 1669 1723 1753 1763; x_wconf 82' lang='lat' dir='ltr'><strong>exi-</strong></span> 
     </span>
     <span class='ocr_line' id='line_1_23' title="bbox 213 1782 1752 1841; baseline 0.006 -18"><span class='ocrx_word' id='word_1_188' title='bbox 213 1793 308 1832; x_wconf 85' lang='lat' dir='ltr'><strong>ens,</strong></span> <span class='ocrx_word' id='word_1_189' title='bbox 344 1782 553 1834; x_wconf 73' lang='lat' dir='ltr'><strong>praesertim</strong></span> <span class='ocrx_word' id='word_1_190' title='bbox 588 1784 749 1835; x_wconf 90' lang='lat' dir='ltr'><strong>quando</strong></span> <span class='ocrx_word' id='word_1_191' title='bbox 782 1784 1026 1825; x_wconf 85' lang='lat' dir='ltr'><strong>transeuntes</strong></span> <span class='ocrx_word' id='word_1_192' title='bbox 1059 1784 1242 1826; x_wconf 87' lang='lat' dir='ltr'><strong>homines</strong></span> <span class='ocrx_word' id='word_1_193' title='bbox 1280 1787 1506 1838; x_wconf 82' lang='lat' dir='ltr'><strong>exaudiret,</strong></span> <span class='ocrx_word' id='word_1_194' title='bbox 1543 1803 1644 1841; x_wconf 86' lang='lat' dir='ltr'><strong>quos</strong></span> <span class='ocrx_word' id='word_1_195' title='bbox 1671 1796 1752 1835; x_wconf 87' lang='lat' dir='ltr'><strong>cla.</strong></span> 
     </span>
     <span class='ocr_line' id='line_1_24' title="bbox 214 1853 1750 1915; baseline 0.007 -21"><span class='ocrx_word' id='word_1_196' title='bbox 214 1865 261 1894; x_wconf 85' lang='lat' dir='ltr'><strong>ro</strong></span> <span class='ocrx_word' id='word_1_197' title='bbox 293 1853 406 1894; x_wconf 83' lang='lat' dir='ltr'><strong>fibilo</strong></span> <span class='ocrx_word' id='word_1_198' title='bbox 440 1854 678 1906; x_wconf 84' lang='lat' dir='ltr'><strong>appellabat.</strong></span> <span class='ocrx_word' id='word_1_199' title='bbox 758 1854 857 1896; x_wconf 78' lang='lat' dir='ltr'><strong>Nec</strong></span> <span class='ocrx_word' id='word_1_200' title='bbox 889 1856 1105 1906; x_wconf 86' lang='lat' dir='ltr'><strong>quidquam</strong></span> <span class='ocrx_word' id='word_1_201' title='bbox 1142 1857 1193 1896; x_wconf 89' lang='lat' dir='ltr'><strong>de</strong></span> <span class='ocrx_word' id='word_1_202' title='bbox 1234 1855 1494 1899; x_wconf 82' lang='lat' dir='ltr'><strong>familiaritate</strong></span> <span class='ocrx_word' id='word_1_203' title='bbox 1529 1860 1625 1910; x_wconf 90' lang='lat' dir='ltr'><strong>sua,</strong></span> <span class='ocrx_word' id='word_1_204' title='bbox 1677 1876 1750 1915; x_wconf 86' lang='lat' dir='ltr'><strong>pa.</strong></span> 
     </span>
     <span class='ocr_line' id='line_1_25' title="bbox 212 1925 1747 1981; baseline 0.007 -18"><span class='ocrx_word' id='word_1_205' title='bbox 212 1937 380 1975; x_wconf 88' lang='lat' dir='ltr'><strong>rumque</strong></span> <span class='ocrx_word' id='word_1_206' title='bbox 413 1925 463 1964; x_wconf 90' lang='lat' dir='ltr'><strong>de</strong></span> <span class='ocrx_word' id='word_1_207' title='bbox 492 1925 625 1965; x_wconf 88' lang='lat' dir='ltr'><strong>calore</strong></span> <span class='ocrx_word' id='word_1_208' title='bbox 657 1925 792 1965; x_wconf 85' lang='lat' dir='ltr'><strong>amisit.</strong></span> <span class='ocrx_word' id='word_1_209' title='bbox 864 1925 983 1965; x_wconf 86' lang='lat' dir='ltr'><strong>Initio</strong></span> <span class='ocrx_word' id='word_1_210' title='bbox 1019 1925 1208 1981; x_wconf 80' lang='lat' dir='ltr'><strong>Ianuarii,</strong></span> <span class='ocrx_word' id='word_1_211' title='bbox 1244 1928 1392 1979; x_wconf 84' lang='lat' dir='ltr'><strong>majore</strong></span> <span class='ocrx_word' id='word_1_212' title='bbox 1430 1929 1468 1969; x_wconf 89' lang='lat'>&amp;</span> <span class='ocrx_word' id='word_1_213' title='bbox 1504 1930 1747 1976; x_wconf 84' lang='lat' dir='ltr'><strong>constantio-</strong></span> 
     </span>
     <span class='ocr_line' id='line_1_26' title="bbox 213 1995 1745 2057; baseline 0.007 -21"><span class='ocrx_word' id='word_1_214' title='bbox 213 2007 256 2036; x_wconf 88' lang='lat' dir='ltr'><strong>re</strong></span> <span class='ocrx_word' id='word_1_215' title='bbox 288 1995 433 2048; x_wconf 86' lang='lat' dir='ltr'><strong>frigore</strong></span> <span class='ocrx_word' id='word_1_216' title='bbox 467 1995 642 2035; x_wconf 86' lang='lat' dir='ltr'><strong>rariffime</strong></span> <span class='ocrx_word' id='word_1_217' title='bbox 678 1996 774 2036; x_wconf 89' lang='lat' dir='ltr'><strong>nido</strong></span> <span class='ocrx_word' id='word_1_218' title='bbox 813 1997 910 2036; x_wconf 84' lang='lat' dir='ltr'><strong>exiit</strong></span> <span class='ocrx_word' id='word_1_219' title='bbox 941 1996 978 2035; x_wconf 88' lang='lat'>&amp;</span> <span class='ocrx_word' id='word_1_220' title='bbox 1012 1998 1079 2037; x_wconf 82' lang='lat' dir='ltr'><strong>vix</strong></span> <span class='ocrx_word' id='word_1_221' title='bbox 1115 1997 1331 2050; x_wconf 86' lang='lat' dir='ltr'><strong>quidquam</strong></span> <span class='ocrx_word' id='word_1_222' title='bbox 1358 2001 1573 2042; x_wconf 84' lang='lat' dir='ltr'><strong>comedere</strong></span> <span class='ocrx_word' id='word_1_223' title='bbox 1600 2006 1745 2057; x_wconf 76' lang='lat' dir='ltr'><strong>voluit,</strong></span> 
     </span>
     <span class='ocr_line' id='line_1_27' title="bbox 211 2065 1743 2121; baseline 0.007 -16"><span class='ocrx_word' id='word_1_224' title='bbox 211 2065 368 2117; x_wconf 86' lang='lat' dir='ltr'><strong>semper</strong></span> <span class='ocrx_word' id='word_1_225' title='bbox 408 2074 542 2106; x_wconf 84' lang='lat' dir='ltr'><strong>tamen</strong></span> <span class='ocrx_word' id='word_1_226' title='bbox 583 2076 693 2107; x_wconf 88' lang='lat' dir='ltr'><strong>extra</strong></span> <span class='ocrx_word' id='word_1_227' title='bbox 734 2066 859 2107; x_wconf 89' lang='lat' dir='ltr'><strong>somni</strong></span> <span class='ocrx_word' id='word_1_228' title='bbox 899 2076 1056 2120; x_wconf 89' lang='lat' dir='ltr'><strong>tempus</strong></span> <span class='ocrx_word' id='word_1_229' title='bbox 1094 2079 1254 2121; x_wconf 86' lang='lat' dir='ltr'><strong>vegeta.</strong></span> <span class='ocrx_word' id='word_1_230' title='bbox 1360 2069 1416 2109; x_wconf 92' lang='lat' dir='ltr'><strong>D.</strong></span> <span class='ocrx_word' id='word_1_231' title='bbox 1453 2071 1554 2110; x_wconf 87' lang='lat' dir='ltr'><strong>XVI</strong></span> <span class='ocrx_word' id='word_1_232' title='bbox 1577 2072 1743 2119; x_wconf 80' lang='lat' dir='ltr'><strong>Ianuarii</strong></span> 
     </span>
     <span class='ocr_line' id='line_1_28' title="bbox 210 2126 1743 2191; baseline 0.006 -16"><span class='ocrx_word' id='word_1_233' title='bbox 210 2134 332 2190; x_wconf 87' lang='lat' dir='ltr'><strong>frigus</strong></span> <span class='ocrx_word' id='word_1_234' title='bbox 366 2137 527 2176; x_wconf 88' lang='lat' dir='ltr'><strong>tandem</strong></span> <span class='ocrx_word' id='word_1_235' title='bbox 560 2135 610 2176; x_wconf 88' lang='lat' dir='ltr'><strong>ad</strong></span> <span class='ocrx_word' id='word_1_236' title='bbox 647 2126 746 2184; x_wconf 50' lang='lat'>187?</span> <span class='ocrx_word' id='word_1_237' title='bbox 780 2139 1019 2179; x_wconf 88' lang='lat' dir='ltr'><strong>mercurium</strong></span> <span class='ocrx_word' id='word_1_238' title='bbox 1054 2139 1257 2191; x_wconf 88' lang='lat' dir='ltr'><strong>depresfit,</strong></span> <span class='ocrx_word' id='word_1_239' title='bbox 1310 2142 1349 2180; x_wconf 86' lang='lat'>&amp;</span> <span class='ocrx_word' id='word_1_240' title='bbox 1381 2151 1514 2182; x_wconf 89' lang='lat' dir='ltr'><strong>tamen</strong></span> <span class='ocrx_word' id='word_1_241' title='bbox 1546 2155 1632 2184; x_wconf 91' lang='lat' dir='ltr'><strong>non</strong></span> <span class='ocrx_word' id='word_1_242' title='bbox 1670 2149 1743 2188; x_wconf 68' lang='lat' dir='ltr'><strong>ob-</strong></span> 
     </span>
     <span class='ocr_line' id='line_1_29' title="bbox 209 2206 1743 2268; baseline 0.007 -21"><span class='ocrx_word' id='word_1_243' title='bbox 209 2207 361 2259; x_wconf 89' lang='lat' dir='ltr'><strong>torpuit</strong></span> <span class='ocrx_word' id='word_1_244' title='bbox 394 2208 556 2258; x_wconf 76' lang='lat' dir='ltr'><strong>animal,</strong></span> <span class='ocrx_word' id='word_1_245' title='bbox 593 2206 661 2248; x_wconf 87' lang='lat' dir='ltr'><strong>sed</strong></span> <span class='ocrx_word' id='word_1_246' title='bbox 695 2209 736 2248; x_wconf 90' lang='lat' dir='ltr'><strong>in</strong></span> <span class='ocrx_word' id='word_1_247' title='bbox 767 2208 864 2249; x_wconf 91' lang='lat' dir='ltr'><strong>nido</strong></span> <span class='ocrx_word' id='word_1_248' title='bbox 895 2209 1038 2251; x_wconf 89' lang='lat' dir='ltr'><strong>sedens</strong></span> <span class='ocrx_word' id='word_1_249' title='bbox 1075 2210 1113 2250; x_wconf 89' lang='lat'>&amp;</span> <span class='ocrx_word' id='word_1_250' title='bbox 1146 2223 1238 2250; x_wconf 88' lang='lat' dir='ltr'><strong>cum</strong></span> <span class='ocrx_word' id='word_1_251' title='bbox 1270 2210 1546 2263; x_wconf 86' lang='lat' dir='ltr'><strong>familiaribus,</strong></span> <span class='ocrx_word' id='word_1_252' title='bbox 1583 2218 1650 2268; x_wconf 93' lang='lat' dir='ltr'><strong>qui</strong></span> <span class='ocrx_word' id='word_1_253' title='bbox 1683 2221 1743 2258; x_wconf 79' lang='lat' dir='ltr'><strong>in.</strong></span> 
     </span>
    </p>
   </div>
   <div class='ocr_carea' id='block_1_4' title="bbox 204 2277 1739 2403">
    <p class='ocr_par' dir='ltr' id='par_1_4' title="bbox 204 2277 1739 2403">
     <span class='ocr_line' id='line_1_30' title="bbox 204 2277 1739 2335; baseline 0.008 -16"><span class='ocrx_word' id='word_1_254' title='bbox 204 2277 447 2335; x_wconf 81' lang='lat' dir='ltr'><strong>spiciebant,</strong></span> <span class='ocrx_word' id='word_1_255' title='bbox 482 2278 714 2330; x_wconf 85' lang='lat' dir='ltr'><strong>colludens,</strong></span> <span class='ocrx_word' id='word_1_256' title='bbox 756 2279 910 2322; x_wconf 88' lang='lat' dir='ltr'><strong>solitam</strong></span> <span class='ocrx_word' id='word_1_257' title='bbox 944 2282 1183 2322; x_wconf 86' lang='lat' dir='ltr'><strong>alacritatem</strong></span> <span class='ocrx_word' id='word_1_258' title='bbox 1217 2281 1402 2324; x_wconf 83' lang='lat' dir='ltr'><strong>servavit.</strong></span> <span class='ocrx_word' id='word_1_259' title='bbox 1515 2283 1651 2329; x_wconf 82' lang='lat' dir='ltr'><strong>Nidus</strong></span> <span class='ocrx_word' id='word_1_260' title='bbox 1684 2301 1739 2332; x_wconf 54' lang='lat' dir='ltr'><strong>ta,-</strong></span> 
     </span>
     <span class='ocr_line' id='line_1_31' title="bbox 923 2350 1019 2403; baseline 0.01 -1"><span class='ocrx_word' id='word_1_261' title='bbox 923 2350 960 2392; x_wconf 93' lang='lat' dir='ltr'>O</span> <span class='ocrx_word' id='word_1_262' title='bbox 998 2363 1019 2403; x_wconf 87' lang='grc'>3</span> 
     </span>
    </p>
   </div>
  </div>
 </body>
</html>
