1948 2630
204 175 275 217 276
784 165 885 202 Mvs
935 165 1173 202 IACVLVS.

204 280 283 321 que
348 266 535 317 exemplo
602 256 692 309 Cel.
755 275 1004 305 PENNANT
1034 264 1253 306 -Yerboam
1305 265 1475 307 indicam
1529 267 1748 320 appellavit

205 330 419 400 (synopſs
457 328 623 398 298.)
634 345 652 394 ,¹
687 337 757 377 vel
793 345 838 378 ut
874 337 977 376 inter
1003 330 1312 397 Didelphides
1340 366 1357 374 -
1382 337 1569 390 Kanguru
1600 337 1748 380 dictum

203 408 366 450 australe
405 407 643 458 monstrum,
681 407 791 460 quod
828 407 940 447 simili
975 409 1076 447 vitio
1114 407 1314 448 Yerboam
1353 410 1572 463 giganteam
1610 411 1747 460 appel-

201 482 299 521 lavit
358 471 562 540 Amicq'ffi
646 490 1019 520 ZIMERMMANN
1080 472 1235 538 (ZOOl.
1291 489 1447 541 geogr.
1473 486 1523 539 p.
1563 473 1742 541 52³5.)

205 550 559 605 Quemadmodum
606 562 705 591 vero
753 550 838 590 haec
885 551 1064 590 animalia
1109 551 1159 591 ad
1205 551 1393 591 naturalia
1437 563 1586 604 genera
1629 550 1748 591 facile

202 623 469 672 reducuntur,
508 634 585 662 nec
623 621 676 661 ob
713 622 835 662 solam
881 634 1037 663 crurum
1081 620 1323 673 posticorum
1367 621 1659 676 longitudinem
1700 623 1749 661 ab

202 693 341 734 iisdem
379 693 568 747 segregari
605 691 786 745 possunt,
825 694 878 733 ita
915 687 1083 736 qureS
1118 685 1302 751 bipedes
1345 692 1463 733 nostri
1503 694 1633 734 adhuc
1669 706 1750 734 ma-

204 766 260 820 gis
297 777 369 818 per
409 763 472 803 M.
511 764 771 816 longipedem
817 764 855 804 &
898 763 1210 813 Trimal-imnum,
1257 777 1359 815 quos
1406 764 1553 806 deinde
1599 776 1749 816 propo-

203 848 316 885 nam,
354 848 444 876 cum
481 836 636 887 reliquo
675 847 824 887 genere
862 835 1036 875 Murino
1084 836 1294 874 catenatim
1340 835 1568 890 cohaerent,
1613 848 1748 888 neque

204 905 367 960 possunt
410 918 535 959 genus
582 905 803 945 distinctum
843 906 1026 954 efficere,
1071 904 1142 945 sed
1186 907 1236 946 ad
1277 905 1469 947 summum
1514 906 1752 959 singularem

205 976 361 1017 Murini
407 978 585 1030 *generis
646 969 944 1038 phalangem,
999 988 1117 1029 quam
1168 988 1299 1029 nuper
1344 988 1457 1017 novo
1504 989 1556 1016 cx
1600 976 1752 1018 australi

206 1048 341 1089 Africa
376 1047 507 1089 adlato
546 1057 713 1100 tyrone,
750 1047 1020 1102 magnitudine
1058 1048 1161 1088 inter
1197 1046 1341 1088 Mures
1378 1048 1546 1099 bipedes
1573 1050 1752 1089 eminen-

205 1133 272 1170 te,
309 1121 417 1162 auxit
455 1113 544 1163 Cel.
581 1130 867 1159 ALLAMAND
905 1120 946 1158 in
985 1112 1208 1179 Supplem.
1245 1118 1294 1159 ad
1339 1113 1610 1179 Buffoniani
1655 1124 1752 1179 ope-

205 1186 272 1236 ris
311 1186 420 1235 edit.
459 1184 826 1249 Amstelodamen
850 1199 930 1234 em.

345 1256 513 1306 Mures
533 1254 654 1322 salii
687 1260 808 1301 nostri
846 1254 1067 1314 (Iaculus
1105 1260 1144 1302 &
1179 1254 1401 1323 Sagitta)
1439 1262 1559 1302 toties
1588 1261 1667 1313 jam
1703 1262 1752 1302 ab

205 1333 447 1374 ,Auctoribus
486 1333 683 1373 observati
720 1331 759 1372 δε
802 1330 968 1373 traducti
1010 1332 1120 1382 sunt,
1167 1341 1212 1372 ut
1258 1333 1398 1373 mirum
1443 1332 1491 1372 fit
1535 1335 1753 1373 naturalem

209 1404 406 1445 historiam
446 1416 583 1444 eorum
622 1403 752 1443 adhuc
797 1404 837 1444 in
865 1405 977 1444 cunis
1015 1401 1119 1453 effe,
1156 1404 1279 1443 immo
1322 1416 1374 1444 ne
1413 1403 1574 1455 quidem
1614 1414 1753 1454 cerm,

207 1487 299 1516 ante
337 1488 445 1515 meas
483 1475 809 1524 observationes,
847 1473 1060 1515 constitiss'e
1097 1475 1213 1514 unius
1259 1474 1486 1526 pluriumve
1533 1474 1756 1527 specierum

207 1545 346 1587 essent.
422 1546 504 1598 Qui
540 1556 783 1585 BvrroNH
829 1546 880 1585 de
928 1546 973 1584 iis
1021 1543 1269 1586 conecstanea
1314 1546 1482 1585 evolvat
1519 1539 1584 1598 6>,
1629 1547 1757 1586 incer-

207 1619 419 1658 titudinem
458 1617 560 1656 circa
595 1617 775 1656 notitiam
814 1617 1161 1666 animalculorum,
1206 1628 1293 1668 quae
1341 1617 1461 1656 toties
1495 1629 1546 1657 ex
1584 1616 1752 1658 Oriente

208 1689 453 1740 inEuropam
491 1688 607 1727 etiam
644 1689 739 1727 viva
776 1687 922 1737 adlata,
953 1688 1073 1745 toties
1109 1687 1156 1727 ab
1194 1687 1485 1727 itineratoribus
1521 1687 1603 1727 visa
1638 1687 1755 1738 scrip-

207 1771 328 1812 taque
366 1758 478 1808 sunt,
533 1759 667 1809 potius
719 1756 871 1798 auctam
922 1770 1083 1798 mecum
1131 1757 1344 1797 mirabitur.
1463 1756 1644 1799 Certiora
1688 1752 1788 1805 hies

209 1830 370 1872 tandem
409 1841 460 1869 ex
497 1828 840 1869 observationibus
876 1829 1044 1880 propriis
1090 1829 1297 1869 traditurus
1344 1828 1382 1869 &
1425 1829 1752 1870 animalculorum

207 1901 528 1955 lepidissimorum
572 1911 704 1940 mores
749 1898 1028 1949 illustraturus,
1074 1900 1244 1952 primum
1291 1912 1378 1951 quae
1423 1902 1530 1952 apud
1574 1899 1754 1942 auctores

209 1973 433 2026 promiscue
487 1971 536 2012 ad
588 1980 795 2023 utramque
841 1969 1011 2010 nostram
1063 1970 1240 2022 speciem
1285 1971 1510 2023 pertinent,
1547 1983 1752 2025 exponere

213 2045 364 2086 debeo.
482 2048 485 2052 *
1519 2035 1544 2060 ‘

346 2115 428 2155 Iam
465 2115 696 2166 antiquitas,
733 2114 774 2153 in
809 2114 939 2164 parvis
975 2110 1082 2153 haud
1118 2113 1288 2164 curiosa,
1325 2113 1411 2154 haec
1436 2123 1568 2155 tamen
1595 2115 1753 2155 animal-

213 2188 301 2228 cula
336 2186 542 2240 fingularia
585 2186 720 2226 mirata
764 2183 832 2225 est.
914 2183 1028 2225 Fecit
1071 2178 1287 2230 Marium
1329 2178 1537 2246 bipedum
1580 2187 1753 2228 mentio.

1658 2267 1752 2297 nem

256 2372 292 2419 b)
317 2371 378 2405 Les
397 2370 565 2407 Gerboises
594 2385 787 2410 nvn-ors.
817 2373 882 2424 liin.
907 2373 968 2423 yot.
990 2372 1093 2422 ΧῙΠ.
1118 2385 1150 2420 p.
1169 2377 1249 2418 1425
1259 2372 1390 2421 eatmin.
1416 2369 1550 2418 ΧΧῙζῙ·
1572 2380 1603 2412 2⁹·
1628 2377 1695 2420 {8³-
