<?xml version="1.0" encoding="UTF-8"?>
<!DOCTYPE html PUBLIC "-//W3C//DTD XHTML 1.0 Transitional//EN"
    "http://www.w3.org/TR/xhtml1/DTD/xhtml1-transitional.dtd">
<html xmlns="http://www.w3.org/1999/xhtml" xml:lang="en" lang="en">
 <head>
  <title>
</title>
<meta http-equiv="Content-Type" content="text/html;charset=utf-8" />
  <meta name='ocr-system' content='tesseract 3.04.00' />
  <meta name='ocr-capabilities' content='ocr_page ocr_carea ocr_par ocr_line ocrx_word'/>
</head>
<body>
  <div class='ocr_page' id='page_1' title='image "./novaespeciesqvad00pall/novaespeciesqvad00pall_0229.png"; bbox 0 0 2032 2630; ppageno 0'>
   <div class='ocr_carea' id='block_1_1' title="bbox 854 177 1791 221">
    <p class='ocr_par' dir='ltr' id='par_1_1' title="bbox 854 177 1791 221">
     <span class='ocr_line' id='line_1_1' title="bbox 854 177 1791 221; baseline 0.009 -8"><span class='ocrx_word' id='word_1_1' title='bbox 854 177 953 214; x_wconf 76' lang='lat' dir='ltr'><strong>Mvs</strong></span> <span class='ocrx_word' id='word_1_2' title='bbox 1004 179 1253 217; x_wconf 77' lang='lat' dir='ltr'>LAGVRVS.</span> <span class='ocrx_word' id='word_1_3' title='bbox 1721 192 1791 221; x_wconf 82' lang='lat'><strong>2¹1</strong></span> 
     </span>
    </p>
   </div>
   <div class='ocr_carea' id='block_1_2' title="bbox 208 274 1790 2315">
    <p class='ocr_par' dir='ltr' id='par_1_2' title="bbox 248 274 1790 388">
     <span class='ocr_line' id='line_1_2' title="bbox 248 274 1790 334; baseline 0.005 -18"><span class='ocrx_word' id='word_1_4' title='bbox 248 274 318 316; x_wconf 86' lang='grc' dir='ltr'><strong>Μ.</strong></span> <span class='ocrx_word' id='word_1_5' title='bbox 354 275 599 329; x_wconf 82' lang='lat' dir='ltr'><strong>brachyuros</strong></span> <span class='ocrx_word' id='word_1_6' title='bbox 634 286 775 317; x_wconf 87' lang='lat' dir='ltr'><strong>omnes</strong></span> <span class='ocrx_word' id='word_1_7' title='bbox 809 279 992 329; x_wconf 85' lang='lat' dir='ltr'>proxime</span> <span class='ocrx_word' id='word_1_8' title='bbox 1028 278 1078 319; x_wconf 88' lang='lat' dir='ltr'><strong>ad</strong></span> <span class='ocrx_word' id='word_1_9' title='bbox 1113 277 1179 320; x_wconf 89' lang='lat' dir='ltr'><strong>M.</strong></span> <span class='ocrx_word' id='word_1_10' title='bbox 1221 277 1432 320; x_wconf 87' lang='lat' dir='ltr'><strong>Lemmum</strong></span> <span class='ocrx_word' id='word_1_11' title='bbox 1482 280 1520 321; x_wconf 78' lang='grc' dir='ltr'><strong>δι</strong></span> <span class='ocrx_word' id='word_1_12' title='bbox 1564 291 1790 334; x_wconf 78' lang='lat' dir='ltr'>torquatum</span> 
     </span>
     <span class='ocr_line' id='line_1_3' title="bbox 250 347 422 388; baseline 0 -1"><span class='ocrx_word' id='word_1_13' title='bbox 250 347 422 388; x_wconf 79' lang='lat' dir='ltr'><strong>accedit.</strong></span> 
     </span>
    </p>

    <p class='ocr_par' dir='ltr' id='par_1_3' title="bbox 221 416 1787 1677">
     <span class='ocr_line' id='line_1_4' title="bbox 386 416 1785 475; baseline 0.005 -18"><span class='ocrx_word' id='word_1_14' title='bbox 386 416 487 459; x_wconf 85' lang='lat' dir='ltr'><strong>Mus</strong></span> <span class='ocrx_word' id='word_1_15' title='bbox 522 416 700 470; x_wconf 80' lang='lat' dir='ltr'><strong>Lagurus</strong></span> <span class='ocrx_word' id='word_1_16' title='bbox 737 431 899 472; x_wconf 89' lang='lat' dir='ltr'><strong>campos</strong></span> <span class='ocrx_word' id='word_1_17' title='bbox 935 420 1088 468; x_wconf 85' lang='lat' dir='ltr'><strong>aridos,</strong></span> <span class='ocrx_word' id='word_1_18' title='bbox 1124 420 1310 462; x_wconf 85' lang='lat' dir='ltr'><strong>arenosos</strong></span> <span class='ocrx_word' id='word_1_19' title='bbox 1346 420 1532 475; x_wconf 82' lang='lat' dir='ltr'><strong>quidem,</strong></span> <span class='ocrx_word' id='word_1_20' title='bbox 1576 423 1646 463; x_wconf 89' lang='lat' dir='ltr'><strong>sed</strong></span> <span class='ocrx_word' id='word_1_21' title='bbox 1690 425 1785 464; x_wconf 80' lang='lat' dir='ltr'><strong>limo</strong></span> 
     </span>
     <span class='ocr_line' id='line_1_5' title="bbox 245 487 1787 544; baseline 0.005 -15"><span class='ocrx_word' id='word_1_22' title='bbox 245 487 421 529; x_wconf 80' lang='lat' dir='ltr'><strong>firmatos</strong></span> <span class='ocrx_word' id='word_1_23' title='bbox 458 499 581 536; x_wconf 79' lang='lat' dir='ltr'><strong>amat3</strong></span> <span class='ocrx_word' id='word_1_24' title='bbox 619 502 704 529; x_wconf 89' lang='lat' dir='ltr'><strong>non</strong></span> <span class='ocrx_word' id='word_1_25' title='bbox 740 492 847 530; x_wconf 88' lang='lat' dir='ltr'><strong>enim</strong></span> <span class='ocrx_word' id='word_1_26' title='bbox 882 492 924 530; x_wconf 88' lang='lat' dir='ltr'><strong>in</strong></span> <span class='ocrx_word' id='word_1_27' title='bbox 959 490 1144 531; x_wconf 87' lang='lat' dir='ltr'><strong>sabuletis</strong></span> <span class='ocrx_word' id='word_1_28' title='bbox 1181 490 1220 530; x_wconf 70' lang='grc' dir='ltr'>ἃ</span> <span class='ocrx_word' id='word_1_29' title='bbox 1255 493 1395 531; x_wconf 89' lang='lat' dir='ltr'>mobili</span> <span class='ocrx_word' id='word_1_30' title='bbox 1440 494 1570 544; x_wconf 87' lang='lat' dir='ltr'><strong>glarea</strong></span> <span class='ocrx_word' id='word_1_31' title='bbox 1614 498 1787 536; x_wconf 84' lang='lat' dir='ltr'><strong>occurrit</strong></span> 
     </span>
     <span class='ocr_line' id='line_1_6' title="bbox 245 561 1783 618; baseline 0.005 -18"><span class='ocrx_word' id='word_1_32' title='bbox 245 571 443 612; x_wconf 84' lang='lat' dir='ltr'><strong>unquam,</strong></span> <span class='ocrx_word' id='word_1_33' title='bbox 502 561 571 601; x_wconf 87' lang='lat' dir='ltr'><strong>ubi</strong></span> <span class='ocrx_word' id='word_1_34' title='bbox 624 573 760 612; x_wconf 89' lang='lat' dir='ltr'><strong>neque</strong></span> <span class='ocrx_word' id='word_1_35' title='bbox 817 562 1028 602; x_wconf 87' lang='lat' dir='ltr'><strong>cuniculos</strong></span> <span class='ocrx_word' id='word_1_36' title='bbox 1073 569 1166 612; x_wconf 85' lang='lat' dir='ltr'><strong>apte</strong></span> <span class='ocrx_word' id='word_1_37' title='bbox 1209 561 1398 602; x_wconf 87' lang='lat' dir='ltr'><strong>instruere</strong></span> <span class='ocrx_word' id='word_1_38' title='bbox 1452 561 1604 614; x_wconf 74' lang='lat' dir='ltr'><strong>posset,</strong></span> <span class='ocrx_word' id='word_1_39' title='bbox 1649 578 1783 618; x_wconf 83' lang='lat' dir='ltr'><strong>neque</strong></span> 
     </span>
     <span class='ocr_line' id='line_1_7' title="bbox 243 631 1783 684; baseline 0.005 -13"><span class='ocrx_word' id='word_1_40' title='bbox 243 631 350 672; x_wconf 84' lang='lat' dir='ltr'><strong>forte</strong></span> <span class='ocrx_word' id='word_1_41' title='bbox 401 640 552 684; x_wconf 79' lang='lat' dir='ltr'><strong>gratum</strong></span> <span class='ocrx_word' id='word_1_42' title='bbox 596 643 676 683; x_wconf 86' lang='lat' dir='ltr'><strong>prae</strong></span> <span class='ocrx_word' id='word_1_43' title='bbox 728 632 810 672; x_wconf 86' lang='lat' dir='ltr'><strong>aliis</strong></span> <span class='ocrx_word' id='word_1_44' title='bbox 853 632 1044 682; x_wconf 84' lang='lat' dir='ltr'><strong>pabulum</strong></span> <span class='ocrx_word' id='word_1_45' title='bbox 1081 632 1250 675; x_wconf 89' lang='lat' dir='ltr'><strong>invenit.</strong></span> <span class='ocrx_word' id='word_1_46' title='bbox 1323 631 1432 673; x_wconf 87' lang='lat' dir='ltr'>Mihi</span> <span class='ocrx_word' id='word_1_47' title='bbox 1468 636 1637 675; x_wconf 80' lang='lat' dir='ltr'><strong>maxime</strong></span> <span class='ocrx_word' id='word_1_48' title='bbox 1691 649 1783 679; x_wconf 86' lang='lat' dir='ltr'><strong>cum</strong></span> 
     </span>
     <span class='ocr_line' id='line_1_8' title="bbox 239 700 1782 761; baseline 0.005 -20"><span class='ocrx_word' id='word_1_49' title='bbox 239 700 344 742; x_wconf 85' lang='lat' dir='ltr'><strong>Iride</strong></span> <span class='ocrx_word' id='word_1_50' title='bbox 372 703 521 753; x_wconf 79' lang='lat' dir='ltr'><strong>pumila</strong></span> <span class='ocrx_word' id='word_1_51' title='bbox 556 701 755 742; x_wconf 83' lang='lat' dir='ltr'><strong>abundare</strong></span> <span class='ocrx_word' id='word_1_52' title='bbox 793 702 898 761; x_wconf 68' lang='lat' dir='ltr'><strong>visus</strong></span> <span class='ocrx_word' id='word_1_53' title='bbox 935 701 1010 750; x_wconf 90' lang='lat' dir='ltr'><strong>est,</strong></span> <span class='ocrx_word' id='word_1_54' title='bbox 1049 702 1161 753; x_wconf 87' lang='lat' dir='ltr'><strong>cujus</strong></span> <span class='ocrx_word' id='word_1_55' title='bbox 1198 715 1363 755; x_wconf 74' lang='lat' dir='ltr'><strong>quoque</strong></span> <span class='ocrx_word' id='word_1_56' title='bbox 1400 704 1570 754; x_wconf 69' lang='lat' dir='ltr'><strong>radices,</strong></span> <span class='ocrx_word' id='word_1_57' title='bbox 1615 705 1782 749; x_wconf 61' lang='lat' dir='ltr'><strong>fruetus-</strong></span> 
     </span>
     <span class='ocr_line' id='line_1_9' title="bbox 239 771 1781 822; baseline 0.005 -11"><span class='ocrx_word' id='word_1_58' title='bbox 239 784 321 822; x_wconf 90' lang='lat' dir='ltr'><strong>que</strong></span> <span class='ocrx_word' id='word_1_59' title='bbox 366 771 547 811; x_wconf 88' lang='lat' dir='ltr'><strong>nondum</strong></span> <span class='ocrx_word' id='word_1_60' title='bbox 598 782 796 822; x_wconf 85' lang='lat' dir='ltr'><strong>maturos,</strong></span> <span class='ocrx_word' id='word_1_61' title='bbox 861 774 980 813; x_wconf 87' lang='lat' dir='ltr'><strong>avide</strong></span> <span class='ocrx_word' id='word_1_62' title='bbox 1040 774 1271 814; x_wconf 74' lang='lat' dir='ltr'><strong>incarcerati</strong></span> <span class='ocrx_word' id='word_1_63' title='bbox 1319 775 1526 815; x_wconf 78' lang='lat' dir='ltr'>vorabant.</span> <span class='ocrx_word' id='word_1_64' title='bbox 1624 776 1781 818; x_wconf 82' lang='lat' dir='ltr'><strong>Multas</strong></span> 
     </span>
     <span class='ocr_line' id='line_1_10' title="bbox 236 840 1782 896; baseline 0.004 -14"><span class='ocrx_word' id='word_1_65' title='bbox 236 851 371 882; x_wconf 66' lang='lat' dir='ltr'><strong>mmen</strong></span> <span class='ocrx_word' id='word_1_66' title='bbox 407 840 500 881; x_wconf 84' lang='lat' dir='ltr'><strong>alias</strong></span> <span class='ocrx_word' id='word_1_67' title='bbox 535 843 688 896; x_wconf 77' lang='lat' dir='ltr'>plantas</span> <span class='ocrx_word' id='word_1_68' title='bbox 724 841 838 881; x_wconf 90' lang='lat' dir='ltr'><strong>fimul</strong></span> <span class='ocrx_word' id='word_1_69' title='bbox 880 843 1108 882; x_wconf 87' lang='lat' dir='ltr'><strong>crescentes</strong></span> <span class='ocrx_word' id='word_1_70' title='bbox 1151 846 1191 882; x_wconf 86' lang='lat' dir='ltr'><strong>in</strong></span> <span class='ocrx_word' id='word_1_71' title='bbox 1234 845 1426 893; x_wconf 79' lang='lat' dir='ltr'><strong>pabulum</strong></span> <span class='ocrx_word' id='word_1_72' title='bbox 1469 846 1662 887; x_wconf 88' lang='lat' dir='ltr'><strong>adhibent</strong></span> <span class='ocrx_word' id='word_1_73' title='bbox 1706 861 1782 888; x_wconf 86' lang='lat' dir='ltr'><strong>vo.</strong></span> 
     </span>
     <span class='ocr_line' id='line_1_11' title="bbox 236 911 1781 967; baseline 0.006 -15"><span class='ocrx_word' id='word_1_74' title='bbox 236 911 432 962; x_wconf 85' lang='lat' dir='ltr'><strong>raciffimi,</strong></span> <span class='ocrx_word' id='word_1_75' title='bbox 490 912 609 951; x_wconf 84' lang='lat' dir='ltr'><strong>etiam</strong></span> <span class='ocrx_word' id='word_1_76' title='bbox 654 911 765 952; x_wconf 85' lang='lat' dir='ltr'><strong>salsas</strong></span> <span class='ocrx_word' id='word_1_77' title='bbox 809 911 848 951; x_wconf 88' lang='lat'>&amp;</span> <span class='ocrx_word' id='word_1_78' title='bbox 892 924 1060 962; x_wconf 83' lang='lat' dir='ltr'><strong>amaraS‚</strong></span> <span class='ocrx_word' id='word_1_79' title='bbox 1105 922 1151 954; x_wconf 85' lang='lat' dir='ltr'><strong>ut</strong></span> <span class='ocrx_word' id='word_1_80' title='bbox 1195 913 1448 955; x_wconf 79' lang='lat' dir='ltr'><strong>Abfinthium</strong></span> <span class='ocrx_word' id='word_1_81' title='bbox 1493 918 1702 967; x_wconf 85' lang='lat' dir='ltr'><strong>ponticum</strong></span> <span class='ocrx_word' id='word_1_82' title='bbox 1738 920 1781 961; x_wconf 84' lang='lat'>&amp;</span> 
     </span>
     <span class='ocr_line' id='line_1_12' title="bbox 235 982 1775 1039; baseline 0.004 -16"><span class='ocrx_word' id='word_1_83' title='bbox 235 984 491 1031; x_wconf 83' lang='lat' dir='ltr'><strong>maritimum,</strong></span> <span class='ocrx_word' id='word_1_84' title='bbox 561 983 741 1033; x_wconf 88' lang='lat' dir='ltr'><strong>itemque</strong></span> <span class='ocrx_word' id='word_1_85' title='bbox 806 982 1049 1033; x_wconf 72' lang='lat' dir='ltr'><strong>subvirofas,</strong></span> <span class='ocrx_word' id='word_1_86' title='bbox 1107 994 1152 1024; x_wconf 90' lang='lat' dir='ltr'><strong>ut</strong></span> <span class='ocrx_word' id='word_1_87' title='bbox 1212 985 1492 1037; x_wconf 84' lang='lat' dir='ltr'><strong>Asclepiadem</strong></span> <span class='ocrx_word' id='word_1_88' title='bbox 1557 987 1775 1039; x_wconf 75' lang='lat' dir='ltr'><strong>fibiricam3</strong></span> 
     </span>
     <span class='ocr_line' id='line_1_13' title="bbox 232 1052 1776 1109; baseline 0.004 -14"><span class='ocrx_word' id='word_1_89' title='bbox 232 1054 509 1105; x_wconf 83' lang='lat' dir='ltr'><strong>Euphorbiatn</strong></span> <span class='ocrx_word' id='word_1_90' title='bbox 570 1052 691 1093; x_wconf 86' lang='lat' dir='ltr'><strong>solam</strong></span> <span class='ocrx_word' id='word_1_91' title='bbox 751 1053 945 1093; x_wconf 84' lang='lat' dir='ltr'><strong>recusant.</strong></span> <span class='ocrx_word' id='word_1_92' title='bbox 1045 1054 1211 1095; x_wconf 79' lang='lat' dir='ltr'>Gratum</span> <span class='ocrx_word' id='word_1_93' title='bbox 1265 1068 1403 1097; x_wconf 85' lang='lat' dir='ltr'><strong>contra</strong></span> <span class='ocrx_word' id='word_1_94' title='bbox 1455 1058 1646 1109; x_wconf 78' lang='lat' dir='ltr'><strong>pabulum</strong></span> <span class='ocrx_word' id='word_1_95' title='bbox 1700 1062 1776 1102; x_wconf 85' lang='lat' dir='ltr'><strong>illis</strong></span> 
     </span>
     <span class='ocr_line' id='line_1_14' title="bbox 232 1123 1774 1180; baseline 0.004 -15"><span class='ocrx_word' id='word_1_96' title='bbox 232 1124 497 1173; x_wconf 82' lang='lat' dir='ltr'><strong>frumentum,</strong></span> <span class='ocrx_word' id='word_1_97' title='bbox 532 1123 734 1176; x_wconf 83' lang='lat' dir='ltr'><strong>floresque</strong></span> <span class='ocrx_word' id='word_1_98' title='bbox 773 1125 812 1164; x_wconf 88' lang='lat'>&amp;</span> <span class='ocrx_word' id='word_1_99' title='bbox 854 1125 1003 1165; x_wconf 86' lang='lat' dir='ltr'><strong>semina</strong></span> <span class='ocrx_word' id='word_1_100' title='bbox 1052 1127 1179 1175; x_wconf 84' lang='lat' dir='ltr'><strong>varia,</strong></span> <span class='ocrx_word' id='word_1_101' title='bbox 1224 1128 1357 1178; x_wconf 80' lang='lat' dir='ltr'><strong>panis,</strong></span> <span class='ocrx_word' id='word_1_102' title='bbox 1401 1128 1650 1180; x_wconf 80' lang='lat' dir='ltr'><strong>saccharum,</strong></span> <span class='ocrx_word' id='word_1_103' title='bbox 1691 1134 1774 1173; x_wconf 87' lang='lat' dir='ltr'><strong>imo</strong></span> 
     </span>
     <span class='ocr_line' id='line_1_15' title="bbox 232 1194 1775 1248; baseline 0.005 -12"><span class='ocrx_word' id='word_1_104' title='bbox 232 1208 371 1237; x_wconf 86' lang='lat' dir='ltr'><strong>carnes</strong></span> <span class='ocrx_word' id='word_1_105' title='bbox 412 1194 558 1242; x_wconf 71' lang='grc' dir='ltr'><strong>ςοὲὶεες</strong></span> <span class='ocrx_word' id='word_1_106' title='bbox 631 1194 671 1234; x_wconf 88' lang='lat'>&amp;</span> <span class='ocrx_word' id='word_1_107' title='bbox 711 1195 738 1235; x_wconf 85' lang='lat' dir='ltr'><strong>fi</strong></span> <span class='ocrx_word' id='word_1_108' title='bbox 782 1198 916 1247; x_wconf 80' lang='lat' dir='ltr'><strong>plures</strong></span> <span class='ocrx_word' id='word_1_109' title='bbox 965 1196 1078 1238; x_wconf 80' lang='lat' dir='ltr'><strong>simul</strong></span> <span class='ocrx_word' id='word_1_110' title='bbox 1140 1198 1396 1248; x_wconf 76' lang='lat' dir='ltr'><strong>incluseram,</strong></span> <span class='ocrx_word' id='word_1_111' title='bbox 1476 1212 1655 1242; x_wconf 79' lang='lat' dir='ltr'><strong>mortuos</strong></span> <span class='ocrx_word' id='word_1_112' title='bbox 1705 1205 1775 1244; x_wconf 78' lang='lat' dir='ltr'><strong>vel</strong></span> 
     </span>
     <span class='ocr_line' id='line_1_16' title="bbox 230 1266 1773 1321; baseline 0.005 -13"><span class='ocrx_word' id='word_1_113' title='bbox 230 1267 398 1310; x_wconf 60' lang='lat' dir='ltr'><strong>enectos</strong></span> <span class='ocrx_word' id='word_1_114' title='bbox 439 1267 568 1307; x_wconf 85' lang='lat' dir='ltr'><strong>socios</strong></span> <span class='ocrx_word' id='word_1_115' title='bbox 614 1266 884 1317; x_wconf 85' lang='lat' dir='ltr'><strong>devorabant,</strong></span> <span class='ocrx_word' id='word_1_116' title='bbox 929 1267 1121 1321; x_wconf 81' lang='lat' dir='ltr'><strong>deglupta</strong></span> <span class='ocrx_word' id='word_1_117' title='bbox 1163 1270 1273 1319; x_wconf 87' lang='lat' dir='ltr'><strong>pelle</strong></span> <span class='ocrx_word' id='word_1_118' title='bbox 1318 1271 1494 1311; x_wconf 85' lang='lat' dir='ltr'><strong>cranium</strong></span> <span class='ocrx_word' id='word_1_119' title='bbox 1548 1270 1586 1310; x_wconf 83' lang='lat'>&amp;</span> <span class='ocrx_word' id='word_1_120' title='bbox 1634 1270 1713 1313; x_wconf 80' lang='lat' dir='ltr'><strong>offa</strong></span> <span class='ocrx_word' id='word_1_121' title='bbox 1751 1287 1773 1315; x_wconf 87' lang='lat' dir='ltr'>a</span> 
     </span>
     <span class='ocr_line' id='line_1_17' title="bbox 226 1337 1772 1394; baseline 0.003 -16"><span class='ocrx_word' id='word_1_122' title='bbox 226 1340 412 1379; x_wconf 79' lang='lat' dir='ltr'><strong>carnibus</strong></span> <span class='ocrx_word' id='word_1_123' title='bbox 466 1337 661 1378; x_wconf 84' lang='lat' dir='ltr'><strong>subtiliter</strong></span> <span class='ocrx_word' id='word_1_124' title='bbox 708 1337 961 1388; x_wconf 83' lang='lat' dir='ltr'><strong>deputantes,</strong></span> <span class='ocrx_word' id='word_1_125' title='bbox 1113 1339 1292 1380; x_wconf 77' lang='lat' dir='ltr'><strong>Aliarum</strong></span> <span class='ocrx_word' id='word_1_126' title='bbox 1340 1354 1504 1393; x_wconf 89' lang='lat' dir='ltr'><strong>quoque</strong></span> <span class='ocrx_word' id='word_1_127' title='bbox 1549 1341 1772 1394; x_wconf 82' lang='lat' dir='ltr'><strong>specierum</strong></span> 
     </span>
     <span class='ocr_line' id='line_1_18' title="bbox 227 1408 1770 1461; baseline 0.005 -11"><span class='ocrx_word' id='word_1_128' title='bbox 227 1409 397 1460; x_wconf 88' lang='lat' dir='ltr'><strong>Mures,</strong></span> <span class='ocrx_word' id='word_1_129' title='bbox 443 1408 593 1448; x_wconf 80' lang='lat' dir='ltr'><strong>viribus</strong></span> <span class='ocrx_word' id='word_1_130' title='bbox 637 1411 833 1459; x_wconf 67' lang='lat' dir='ltr'><strong>aequales,</strong></span> <span class='ocrx_word' id='word_1_131' title='bbox 879 1410 959 1449; x_wconf 87' lang='lat' dir='ltr'><strong>imo</strong></span> <span class='ocrx_word' id='word_1_132' title='bbox 1008 1409 1230 1461; x_wconf 80' lang='lat' dir='ltr'><strong>superiores</strong></span> <span class='ocrx_word' id='word_1_133' title='bbox 1274 1412 1481 1452; x_wconf 80' lang='lat' dir='ltr'><strong>mordaces</strong></span> <span class='ocrx_word' id='word_1_134' title='bbox 1523 1425 1694 1455; x_wconf 88' lang='lat' dir='ltr'><strong>enecant</strong></span> <span class='ocrx_word' id='word_1_135' title='bbox 1731 1416 1770 1457; x_wconf 85' lang='lat'>&amp;</span> 
     </span>
     <span class='ocr_line' id='line_1_19' title="bbox 225 1477 1769 1538; baseline 0.002 -15"><span class='ocrx_word' id='word_1_136' title='bbox 225 1490 395 1528; x_wconf 80' lang='lat' dir='ltr'><strong>vorant3</strong></span> <span class='ocrx_word' id='word_1_137' title='bbox 440 1479 618 1532; x_wconf 77' lang='lat' dir='ltr'><strong>indeque</strong></span> <span class='ocrx_word' id='word_1_138' title='bbox 670 1477 777 1520; x_wconf 85' lang='lat' dir='ltr'><strong>forte</strong></span> <span class='ocrx_word' id='word_1_139' title='bbox 819 1479 876 1520; x_wconf 87' lang='lat' dir='ltr'><strong>est</strong></span> <span class='ocrx_word' id='word_1_140' title='bbox 925 1483 1035 1532; x_wconf 87' lang='lat' dir='ltr'><strong>quod</strong></span> <span class='ocrx_word' id='word_1_141' title='bbox 1078 1482 1118 1521; x_wconf 90' lang='lat' dir='ltr'><strong>in</strong></span> <span class='ocrx_word' id='word_1_142' title='bbox 1157 1483 1348 1534; x_wconf 84' lang='lat' dir='ltr'><strong>regione,</strong></span> <span class='ocrx_word' id='word_1_143' title='bbox 1401 1483 1470 1522; x_wconf 88' lang='lat' dir='ltr'><strong>ubi</strong></span> <span class='ocrx_word' id='word_1_144' title='bbox 1514 1481 1580 1524; x_wconf 86' lang='lat' dir='ltr'><strong>M.</strong></span> <span class='ocrx_word' id='word_1_145' title='bbox 1622 1483 1769 1538; x_wconf 86' lang='lat' dir='ltr'><strong>Laguri</strong></span> 
     </span>
     <span class='ocr_line' id='line_1_20' title="bbox 225 1549 1767 1607; baseline 0.003 -13"><span class='ocrx_word' id='word_1_146' title='bbox 225 1551 503 1601; x_wconf 83' lang='lat' dir='ltr'><strong>abundabant,</strong></span> <span class='ocrx_word' id='word_1_147' title='bbox 542 1549 719 1591; x_wconf 80' lang='lat' dir='ltr'><strong>rariffime</strong></span> <span class='ocrx_word' id='word_1_148' title='bbox 758 1552 858 1592; x_wconf 84' lang='lat' dir='ltr'><strong>alios</strong></span> <span class='ocrx_word' id='word_1_149' title='bbox 893 1553 1140 1607; x_wconf 85' lang='lat' dir='ltr'><strong>invenerim,</strong></span> <span class='ocrx_word' id='word_1_150' title='bbox 1168 1552 1239 1595; x_wconf 83' lang='lat' dir='ltr'><strong>nisi</strong></span> <span class='ocrx_word' id='word_1_151' title='bbox 1263 1554 1304 1594; x_wconf 90' lang='lat' dir='ltr'><strong>in</strong></span> <span class='ocrx_word' id='word_1_152' title='bbox 1332 1553 1632 1607; x_wconf 73' lang='lat' dir='ltr'><strong>depressioribus</strong></span> <span class='ocrx_word' id='word_1_153' title='bbox 1665 1558 1767 1599; x_wconf 83' lang='lat' dir='ltr'><strong>locis</strong></span> 
     </span>
     <span class='ocr_line' id='line_1_21' title="bbox 221 1622 575 1677; baseline -0.008 -12"><span class='ocrx_word' id='word_1_154' title='bbox 221 1636 324 1677; x_wconf 90' lang='lat' dir='ltr'><strong>quos</strong></span> <span class='ocrx_word' id='word_1_155' title='bbox 356 1622 427 1663; x_wconf 89' lang='lat' dir='ltr'><strong>iste</strong></span> <span class='ocrx_word' id='word_1_156' title='bbox 462 1624 575 1663; x_wconf 81' lang='lat' dir='ltr'><strong>vitat.</strong></span> 
     </span>
    </p>

    <p class='ocr_par' dir='ltr' id='par_1_4' title="bbox 208 1687 1763 2315">
     <span class='ocr_line' id='line_1_22' title="bbox 362 1687 1763 1748; baseline 0.006 -16"><span class='ocrx_word' id='word_1_157' title='bbox 362 1687 574 1738; x_wconf 65' lang='lat' dir='ltr'><strong>Cuniculi</strong></span> <span class='ocrx_word' id='word_1_158' title='bbox 606 1692 672 1733; x_wconf 87' lang='lat' dir='ltr'><strong>M.</strong></span> <span class='ocrx_word' id='word_1_159' title='bbox 709 1693 856 1748; x_wconf 80' lang='lat' dir='ltr'><strong>Laguri</strong></span> <span class='ocrx_word' id='word_1_160' title='bbox 890 1694 1120 1737; x_wconf 83' lang='lat' dir='ltr'><strong>constanter</strong></span> <span class='ocrx_word' id='word_1_161' title='bbox 1156 1696 1298 1746; x_wconf 84' lang='lat' dir='ltr'><strong>bifori,</strong></span> <span class='ocrx_word' id='word_1_162' title='bbox 1344 1709 1419 1748; x_wconf 80' lang='lat' dir='ltr'><strong>pro</strong></span> <span class='ocrx_word' id='word_1_163' title='bbox 1458 1697 1553 1738; x_wconf 76' lang='lat' dir='ltr'><strong>sexu</strong></span> <span class='ocrx_word' id='word_1_164' title='bbox 1594 1698 1633 1738; x_wconf 66' lang='grc' dir='ltr'>ἃ</span> <span class='ocrx_word' id='word_1_165' title='bbox 1683 1699 1763 1740; x_wconf 83' lang='lat' dir='ltr'><strong>for·</strong></span> 
     </span>
     <span class='ocr_line' id='line_1_23' title="bbox 217 1762 1759 1821; baseline 0.004 -18"><span class='ocrx_word' id='word_1_166' title='bbox 217 1763 285 1806; x_wconf 62' lang='lat' dir='ltr'><strong>stin</strong></span> <span class='ocrx_word' id='word_1_167' title='bbox 340 1774 413 1815; x_wconf 90' lang='lat' dir='ltr'><strong>pro</strong></span> <span class='ocrx_word' id='word_1_168' title='bbox 469 1774 584 1800; x_wconf 83' lang='lat' dir='ltr'><strong>aetate</strong></span> <span class='ocrx_word' id='word_1_169' title='bbox 637 1767 744 1800; x_wconf 80' lang='lat' dir='ltr'><strong>varia</strong></span> <span class='ocrx_word' id='word_1_170' title='bbox 797 1764 1093 1814; x_wconf 75' lang='lat' dir='ltr'><strong>profimditate3</strong></span> <span class='ocrx_word' id='word_1_171' title='bbox 1153 1768 1278 1807; x_wconf 73' lang='lat' dir='ltr'><strong>altero</strong></span> <span class='ocrx_word' id='word_1_172' title='bbox 1346 1762 1479 1810; x_wconf 73' lang='lat' dir='ltr'><strong>aditu</strong></span> <span class='ocrx_word' id='word_1_173' title='bbox 1518 1769 1759 1821; x_wconf 74' lang='lat' dir='ltr'><strong>spithameli‚</strong></span> 
     </span>
     <span class='ocr_line' id='line_1_24' title="bbox 217 1830 1760 1889; baseline 0.005 -14"><span class='ocrx_word' id='word_1_174' title='bbox 217 1835 288 1876; x_wconf 90' lang='lat' dir='ltr'><strong>vel</strong></span> <span class='ocrx_word' id='word_1_175' title='bbox 324 1835 447 1880; x_wconf 83' lang='lat' dir='ltr'><strong>ultra,</strong></span> <span class='ocrx_word' id='word_1_176' title='bbox 486 1830 737 1883; x_wconf 86' lang='lat' dir='ltr'><strong>longitudine</strong></span> <span class='ocrx_word' id='word_1_177' title='bbox 771 1833 937 1884; x_wconf 80' lang='lat' dir='ltr'><strong>oblique</strong></span> <span class='ocrx_word' id='word_1_178' title='bbox 976 1834 1024 1873; x_wconf 84' lang='lat' dir='ltr'><strong>ad</strong></span> <span class='ocrx_word' id='word_1_179' title='bbox 1067 1836 1203 1874; x_wconf 84' lang='lat' dir='ltr'><strong>nidum</strong></span> <span class='ocrx_word' id='word_1_180' title='bbox 1244 1835 1463 1886; x_wconf 82' lang='lat' dir='ltr'><strong>tendente,</strong></span> <span class='ocrx_word' id='word_1_181' title='bbox 1501 1850 1582 1889; x_wconf 87' lang='lat' dir='ltr'><strong>quo</strong></span> <span class='ocrx_word' id='word_1_182' title='bbox 1618 1849 1760 1882; x_wconf 71' lang='lat' dir='ltr'><strong>terram</strong></span> 
     </span>
     <span class='ocr_line' id='line_1_25' title="bbox 218 1902 1757 1962; baseline 0.005 -17"><span class='ocrx_word' id='word_1_183' title='bbox 218 1906 367 1960; x_wconf 81' lang='lat' dir='ltr'><strong>egerit,</strong></span> <span class='ocrx_word' id='word_1_184' title='bbox 415 1904 539 1943; x_wconf 78' lang='lat' dir='ltr'><strong>altero</strong></span> <span class='ocrx_word' id='word_1_185' title='bbox 591 1902 932 1954; x_wconf 74' lang='lat' dir='ltr'><strong>perpendiculari,</strong></span> <span class='ocrx_word' id='word_1_186' title='bbox 976 1905 1202 1945; x_wconf 76' lang='lat' dir='ltr'><strong>transvetsae</strong></span> <span class='ocrx_word' id='word_1_187' title='bbox 1245 1908 1407 1958; x_wconf 83' lang='lat' dir='ltr'><strong>palmae,</strong></span> <span class='ocrx_word' id='word_1_188' title='bbox 1454 1920 1622 1960; x_wconf 76' lang='lat' dir='ltr'><strong>raroque</strong></span> <span class='ocrx_word' id='word_1_189' title='bbox 1667 1914 1757 1962; x_wconf 77' lang='lat' dir='ltr'><strong>plus</strong></span> 
     </span>
     <span class='ocr_line' id='line_1_26' title="bbox 214 1970 1756 2033; baseline 0.001 -18"><span class='ocrx_word' id='word_1_190' title='bbox 214 1975 434 2028; x_wconf 77' lang='lat' dir='ltr'><strong>spithamaii</strong></span> <span class='ocrx_word' id='word_1_191' title='bbox 470 1973 755 2024; x_wconf 80' lang='lat' dir='ltr'><strong>profunditate.</strong></span> <span class='ocrx_word' id='word_1_192' title='bbox 836 1970 997 2018; x_wconf 67' lang='lat' dir='ltr'><strong>IVl&#39;leS</strong></span> <span class='ocrx_word' id='word_1_193' title='bbox 1041 1975 1247 2028; x_wconf 82' lang='lat' dir='ltr'><strong>angustus,</strong></span> <span class='ocrx_word' id='word_1_194' title='bbox 1286 1976 1575 2029; x_wconf 74' lang='lat' dir='ltr'><strong>subrotundus,</strong></span> <span class='ocrx_word' id='word_1_195' title='bbox 1617 1984 1756 2033; x_wconf 78' lang='lat' dir='ltr'><strong>grami-</strong></span> 
     </span>
     <span class='ocr_line' id='line_1_27' title="bbox 214 2045 1754 2095; baseline 0.002 -6"><span class='ocrx_word' id='word_1_196' title='bbox 214 2048 332 2089; x_wconf 78' lang='lat' dir='ltr'><strong>nibus</strong></span> <span class='ocrx_word' id='word_1_197' title='bbox 373 2056 593 2095; x_wconf 80' lang='lat' dir='ltr'><strong>eorumque</strong></span> <span class='ocrx_word' id='word_1_198' title='bbox 630 2046 816 2086; x_wconf 78' lang='lat' dir='ltr'><strong>ramentis</strong></span> <span class='ocrx_word' id='word_1_199' title='bbox 847 2045 1030 2087; x_wconf 70' lang='lat' dir='ltr'><strong>refertus.</strong></span> <span class='ocrx_word' id='word_1_200' title='bbox 1105 2047 1275 2087; x_wconf 81' lang='lat' dir='ltr'><strong>Canales</strong></span> <span class='ocrx_word' id='word_1_201' title='bbox 1319 2050 1387 2088; x_wconf 88' lang='lat' dir='ltr'><strong>vel</strong></span> <span class='ocrx_word' id='word_1_202' title='bbox 1430 2061 1453 2089; x_wconf 86' lang='lat' dir='ltr'><strong>e</strong></span> <span class='ocrx_word' id='word_1_203' title='bbox 1501 2051 1655 2090; x_wconf 64' lang='lat' dir='ltr'><strong>diverso</strong></span> <span class='ocrx_word' id='word_1_204' title='bbox 1705 2053 1754 2095; x_wconf 82' lang='lat' dir='ltr'><strong>ad</strong></span> 
     </span>
     <span class='ocr_line' id='line_1_28' title="bbox 215 2116 1753 2172; baseline 0.003 -13"><span class='ocrx_word' id='word_1_205' title='bbox 215 2119 353 2160; x_wconf 85' lang='lat' dir='ltr'><strong>nidum</strong></span> <span class='ocrx_word' id='word_1_206' title='bbox 407 2125 672 2165; x_wconf 81' lang='lat' dir='ltr'><strong>concurrunt,</strong></span> <span class='ocrx_word' id='word_1_207' title='bbox 720 2116 789 2156; x_wconf 81' lang='lat' dir='ltr'><strong>vel</strong></span> <span class='ocrx_word' id='word_1_208' title='bbox 831 2118 929 2156; x_wconf 87' lang='lat' dir='ltr'><strong>citra</strong></span> <span class='ocrx_word' id='word_1_209' title='bbox 975 2119 1111 2158; x_wconf 86' lang='lat' dir='ltr'><strong>nidum</strong></span> <span class='ocrx_word' id='word_1_210' title='bbox 1155 2120 1355 2160; x_wconf 86' lang='lat' dir='ltr'><strong>uniuntur.</strong></span> <span class='ocrx_word' id='word_1_211' title='bbox 1446 2119 1559 2172; x_wconf 80' lang='lat' dir='ltr'><strong>Saepe</strong></span> <span class='ocrx_word' id='word_1_212' title='bbox 1605 2135 1753 2165; x_wconf 87' lang='lat' dir='ltr'><strong>marem</strong></span> 
     </span>
     <span class='ocr_line' id='line_1_29' title="bbox 212 2186 1752 2239; baseline 0.003 -10"><span class='ocrx_word' id='word_1_213' title='bbox 212 2200 306 2230; x_wconf 84' lang='lat' dir='ltr'><strong>eum</strong></span> <span class='ocrx_word' id='word_1_214' title='bbox 338 2188 486 2229; x_wconf 83' lang='lat' dir='ltr'><strong>femina</strong></span> <span class='ocrx_word' id='word_1_215' title='bbox 523 2188 560 2225; x_wconf 84' lang='lat' dir='ltr'><strong>in</strong></span> <span class='ocrx_word' id='word_1_216' title='bbox 601 2186 770 2238; x_wconf 86' lang='lat' dir='ltr'><strong>eodem,</strong></span> <span class='ocrx_word' id='word_1_217' title='bbox 810 2187 1060 2239; x_wconf 87' lang='lat' dir='ltr'><strong>frequentius</strong></span> <span class='ocrx_word' id='word_1_218' title='bbox 1093 2191 1133 2229; x_wconf 87' lang='lat' dir='ltr'><strong>in</strong></span> <span class='ocrx_word' id='word_1_219' title='bbox 1172 2189 1380 2238; x_wconf 64' lang='lat' dir='ltr'><strong>distinctis,</strong></span> <span class='ocrx_word' id='word_1_220' title='bbox 1425 2190 1493 2232; x_wconf 88' lang='lat' dir='ltr'><strong>sed</strong></span> <span class='ocrx_word' id='word_1_221' title='bbox 1535 2192 1752 2239; x_wconf 83' lang='lat' dir='ltr'><strong>admodum</strong></span> 
     </span>
     <span class='ocr_line' id='line_1_30' title="bbox 208 2257 1750 2315; baseline 0.002 -12"><span class='ocrx_word' id='word_1_222' title='bbox 208 2260 355 2303; x_wconf 72' lang='lat' dir='ltr'><strong>vicinis</strong></span> <span class='ocrx_word' id='word_1_223' title='bbox 388 2259 583 2302; x_wconf 84' lang='lat' dir='ltr'><strong>cuniculis</strong></span> <span class='ocrx_word' id='word_1_224' title='bbox 616 2257 840 2300; x_wconf 82' lang='lat' dir='ltr'><strong>habitantes</strong></span> <span class='ocrx_word' id='word_1_225' title='bbox 869 2260 1022 2301; x_wconf 85' lang='lat' dir='ltr'><strong>inveni.</strong></span> <span class='ocrx_word' id='word_1_226' title='bbox 1094 2259 1253 2302; x_wconf 85' lang='lat' dir='ltr'><strong>Fodere</strong></span> <span class='ocrx_word' id='word_1_227' title='bbox 1289 2263 1359 2303; x_wconf 72' lang='lat' dir='ltr'><strong>vix</strong></span> <span class='ocrx_word' id='word_1_228' title='bbox 1391 2261 1553 2304; x_wconf 83' lang='lat' dir='ltr'><strong>necesse</strong></span> <span class='ocrx_word' id='word_1_229' title='bbox 1587 2263 1665 2315; x_wconf 87' lang='lat' dir='ltr'><strong>est,</strong></span> <span class='ocrx_word' id='word_1_230' title='bbox 1705 2275 1750 2307; x_wconf 84' lang='lat' dir='ltr'><strong>ut</strong></span> 
     </span>
    </p>
   </div>
  </div>
 </body>
</html>
