1948 2630
206 207 278 255 248
792 198 894 234 Mvs
948 196 1179 233 RVTILVS.

210 304 396 351 limilem,
450 306 623 340 attamen
672 295 795 350 paulo
841 297 1034 336 minorem
1079 294 1271 345 Sibiricis,
1315 295 1440 337 cauda
1483 297 1750 350 proportione

214 374 397 415 tenuiore
443 370 481 410 &
525 371 708 423 longiore
753 367 1004 416 instruftum3
1056 367 1318 418 caeteroquin
1353 369 1469 407 etiam
1517 369 1582 408 hic
1628 367 1749 422 (prae-

209 455 270 485 ter
319 440 572 484 fulvedinem
624 439 726 482 dorss
769 440 1035 481 saturatiorem
1083 438 1120 478 ἃ
1165 439 1278 478 latius
1332 437 1533 491 diffusam)
1580 441 1648 480 vix
1693 438 1750 479 dim

212 515 372 564 versus,
410 525 546 566 neque
584 512 790 553 sufficienti
824 511 912 562 jure
951 522 1023 561 pro
1063 508 1239 549 distincia
1275 508 1407 561 specie
1443 510 1648 550 habendus
1686 512 1749 551 vi.

210 588 338 629 detur.
418 584 463 625 In
500 585 674 637 plurimis
721 583 835 633 hujus
881 582 1079 622 varietatis
1124 581 1336 621 individuis
1383 582 1542 634 pondus
1581 591 1750 633 quatuor

213 671 303 699 cum
341 655 522 704 dimidia,
566 656 635 695 vcl
680 655 858 705 quinque
904 653 1173 693 drachmarum
1219 653 1342 706 vulgo
1388 652 1620 699 observavi3
1665 654 1752 692 lona

211 723 352 783 ¹gitudo
390 728 465 768 fuit
501 720 562 777 3.“
598 723 680 776 4¹¹¹
717 725 854 776 capitis
896 719 954 763 1.¹‘
990 724 1124 764 caudae
1162 717 1221 762 1.“
1245 725 1270 761 6
1295 717 1406 768 -8.“‘
1444 747 1493 752 -
1565 723 1618 763 Et
1641 724 1751 764 hisce

212 802 333 855 plane
371 799 534 838 similem
570 809 722 837 murem
760 795 962 847 quondam
994 793 1199 848 (Augusto
1225 792 1528 846 MDCCLIX.>
1567 796 1605 834 in
1643 793 1752 834 Hof-

213 881 256 912 to
294 871 483 910 botanico
523 867 785 919 Goettingcnfi
823 867 1000 915 obtinui,
1038 864 1148 915 cujus
1186 867 1400 905 etiamnum
1445 866 1752 917 descriptionem

214 952 332 993 atque
371 938 637 979 dimensiones
675 937 812 986 servo,
852 936 1126 977 accuratissime
1165 949 1254 976 cum
1289 936 1484 987 Volgenfi
1520 935 1649 977 nostra
1685 949 1753 977 vaa-

211 1015 351 1054 rietate
414 1009 707 1050 coincidentcs.
813 1007 1049 1059 Mirumque
1107 1007 1217 1058 quod
1261 1007 1300 1046 in
1345 1016 1512 1058 utraque
1564 1007 1754 1062 caudam,

213 1084 341 1126 'multo
380 1083 475 1122 licet
512 1082 669 1135 longior
707 1076 804 1120 effet
840 1091 958 1131 quam
1002 1078 1185 1128 fibiricis,
1216 1077 1399 1118 -totidem
1445 1088 1577 1118 tamen
1621 1078 1756 1119 verte·-

213 1156 292 1196 bris
330 1150 541 1195 conflatam
595 1152 842 1200 invenerim,
897 1150 1127 1201 auriumque
1165 1147 1330 1189 formam
1368 1148 1407 1189 &
1451 1150 1767 1201 proportionem

214 1226 456 1267 simillimam.
538 1222 678 1274 ltaque
724 1223 856 1262 nullus
901 1221 1040 1261 dubito
1078 1221 1118 1259 in
1165 1220 1479 1260 occidentalibus
1524 1219 1766 1262 observatos·

215 1297 308 1338 istos
353 1307 442 1337 cum
487 1294 659 1334 Sibiricis
703 1292 975 1344 conjungere,
1020 1291 1276 1343 speciemque
1322 1285 1484 1336 Muris
1525 1284 1660 1335 Tutili
1704 1292 1755 1331 ab·

214 1368 379 1420 Europa
423 1365 546 1417 usque
592 1366 630 1404 in
678 1363 800 1403 finem
847 1363 948 1402 Afiae
993 1362 1199 1414 dispersam
1244 1363 1529 1413 pronunciare,
1576 1363 1757 1413 quamvis·

217 1439 321 1480 inter
358 1437 532 1490 Volgam
570 1435 608 1474 &
646 1434 781 1475 Obum
810 1434 958 1474 medias
983 1445 1056 1485 per
1091 1434 1276 1484 regiones
1307 1434 1373 1472 vix
1409 1432 1615 1472 observata
1638 1433 1756 1473 nobis

214 1508 314 1559 fuit,
352 1508 390 1547 &
427 1508 528 1546 inter
564 1517 772 1558 europaeos
815 1516 947 1545 mures
982 1517 1004 1543 a
1047 1504 1160 1543 nullo
1209 1504 1422 1556 hucusque
1469 1502 1660 1556 Zoologo
1699 1503 1756 1544 di-

216 1580 319 1623 serte
356 1579 537 1620 indicata.

750 1647 1229 1703 DESCRIPTIO

561 1732 925 1787 MVRIS
993 1728 1419 1785 RVTILI.

855 1815 926 1848 Tab.
953 1812 1052 1847 XIV.
1086 1814 1126 1846 Β.

358 1878 643 1945 Mlonitudo
680 1880 943 1934 constantior,
981 1884 1021 1922 in
1058 1891 1231 1934 utroque
1268 1880 1363 1922 sexu
1399 1880 1649 1934 subaequalis,
1686 1883 1758 1950 cir-5

221 1959 319 2002 citer
355 1957 419 1998 M.
449 1924 577 1997 arvali
614 1967 788 2007 compar.

360 2022 572 2086 Rostmlm
608 2037 698 2066 cum
736 2024 827 2065 naso
865 2020 1036 2064 hirsutiss‘
1028 2035 1147 2064 mum
1184 2023 1222 2063 &
1265 2019 1387 2062 facies
1431 2021 1518 2064 fere
1566 2021 1755 2074 ejusdem.

224 2093 461 2159 Mastz'lccs
491 2107 657 2147 tenues,
695 2097 931 2145 albicantes,
968 2095 1217 2147 longitudine
1256 2094 1407 2147 capitis.
1496 2088 1678 2139 Dentes
1712 2104 1757 2135 ut

221 2173 262 2212 in
299 2171 363 2211 M.
402 2179 637 2218 oeconomo,
674 2169 851 2219 paulove
889 2164 1149 2219 angustiores,
1188 2166 1315 2205 antice
1351 2164 1457 2205 flavi.

365 2234 502 2284 Oculi
547 2240 617 2278 vix
662 2237 786 2279 rostro
833 2238 1062 2290 propiores,
1107 2237 1274 2289 parvuli.
1381 2229 1538 2279 Aures
1580 2235 1761 2277 affinibus

225 2308 317 2366 (M.
353 2310 533 2364 gregale,
569 2311 711 2362 arvali,
748 2305 853 2362 cet.)
879 2306 1070 2367 majores,
1107 2296 1267 2358 ovales,
1296 2308 1454 2348 tenuius
1479 2306 1569 2359 albo
1592 2330 1609 2359 :
1634 2318 1760 2361 mem-3
