2032 2630
781 246 882 283 Mvs
929 246 1176 284 cl'rxLLVS.
1678 258 1744 291 129

207 344 454 400 premor-ibus
498 342 538 384 &
578 344 819 386 subhumidis
859 346 1121 387 clementiore
1160 346 1449 396 inclinatione,
1507 346 1556 388 ad
1600 347 1745 396 duum,

208 419 346 468 trium,
382 424 605 469 quatuorve
640 416 678 456 δι
712 416 823 468 quod
855 417 1015 457 excedit
1049 417 1185 471 (certe
1208 429 1281 468 pro
1311 416 1547 470 majoribus>
1581 417 1746 471 profun-

209 486 397 534 ditatem3
450 499 496 527 ea
538 500 702 539 quoque
746 490 835 540 lege
872 497 916 528 ut
958 489 1084 528 multo
1121 488 1357 539 profundior
1392 488 1430 528 &
1465 489 1747 529 anfractuosior

205 558 360 610 semper
395 558 441 598 sit
471 557 638 598 foemina:
673 560 902 608 cuniculus,
939 571 1055 609 quam
1095 560 1220 598 maris.
1310 559 1488 599 Ulterior
1523 574 1609 612 pars
1646 561 1747 599 obli-

205 631 321 681 quius
352 628 500 670 deinde
532 631 660 682 pergit
694 629 732 668 δε
766 627 855 680 post
889 630 1018 669 varios
1056 628 1156 680 saepe
1189 628 1384 669 anfractus
1412 630 1592 672 dilatatus
1620 633 1658 670 in
1683 644 1746 671 ca„

204 712 353 741 meram
387 699 619 741 fornicatam
653 700 890 752 oblongam,
926 700 995 739 vel
1026 698 1328 749 subrotundam,
1366 700 1517 751 pedalis
1550 703 1638 753 plus
1675 704 1745 742 mi-

205 783 280 813 nus
319 771 519 820 diametri,
556 770 919 821 deprcffiusculam,
957 772 1094 811 culmis
1132 770 1243 811 flecis
1276 773 1491 825 graminum
1526 774 1746 813 comminu-

205 851 336 883 torum
369 841 543 881 molliter
577 840 752 892 stratam,
790 840 827 880 &
862 840 990 881 aestate
1023 842 1223 893 undique,
1261 852 1400 893 praeter
1433 843 1602 893 aditum,
1640 845 1746 883 clau-

203 912 294 953 sam.
367 911 413 953 In
446 911 628 964 squalidis
664 913 713 953 ad
746 911 862 963 Irtin,
900 911 999 952 infra
1036 911 1199 964 Septem
1234 914 1469 964 palatiorum
1513 916 1744 967 regionem,

204 982 349 1032 Citilli,
385 984 484 1024 licet
513 984 725 1025 mediocris
758 982 1059 1036 magnitudinis,
1088 993 1195 1024 antra
1227 992 1367 1035 praeter
1403 997 1554 1026 morem
1579 984 1745 1037 profun-
1783 1014 1786 1016 -

205 1054 367 1104 diffima,
405 1055 556 1107 orgyali
596 1053 736 1095 duetus
778 1053 1028 1106 longitudine
1075 1054 1113 1094 &
1151 1054 1402 1106 sesquiulnari
1445 1055 1495 1094 ad
1539 1057 1744 1097 minimum

203 1123 500 1177 profunditate,
537 1125 632 1166 nido
668 1124 861 1179 spatioso,
899 1126 1113 1179 graminum
1146 1125 1340 1179 stupposis
1370 1127 1564 1167 radicibus
1591 1127 1742 1168 referto

206 1196 411 1236 terminata
441 1195 576 1236 colere
602 1197 759 1235 inventi
783 1195 892 1246 sunt,
928 1196 1136 1246 praesertim
1164 1206 1327 1246 matres,
1373 1209 1459 1247 qum
1485 1199 1641 1249 prolem
1664 1198 1743 1248 jam

207 1266 557 1307 educaverant.--
628 1265 786 1306 Iuniora
822 1265 999 1306 animalia
1032 1268 1123 1315 vel,
1161 1267 1272 1318 quod
1308 1267 1408 1318 saepe
1443 1266 1508 1318 fit,
1546 1281 1633 1320 quae
1669 1281 1741 1308 no-

205 1349 303 1378 vum
357 1338 536 1389 proxime
599 1337 728 1388 elapsa
785 1336 914 1378 aestate
974 1339 1201 1379 cuniculum
1260 1348 1523 1390 paraverunt,
1581 1341 1743 1383 unicum

204 1420 296 1448 cum
339 1406 471 1460 egesta
511 1416 614 1449 terra
667 1406 906 1460 vestigium,
963 1418 1104 1460 praeter
1148 1409 1304 1449 solitum
1357 1409 1536 1459 aditum,
1582 1410 1742 1450 indicat.

203 1477 372 1530 Nempe
409 1490 482 1530 per
514 1479 721 1531 obliquum
756 1481 985 1520 cuniculum
1016 1487 1155 1520 terram
1180 1479 1307 1520 subire
1335 1480 1436 1522 solet
1462 1480 1640 1530 Citillus,
1671 1482 1741 1522 hu-

202 1562 311 1591 mum
345 1558 452 1590 retro
487 1548 691 1603 egestans,
728 1548 862 1590 donec
896 1550 1033 1590 nidum
1062 1550 1149 1591 satis
1176 1550 1384 1604 spatiosum
1416 1553 1638 1592 excavavit.
1677 1552 1741 1592 Sic

202 1619 330 1662 aestate
369 1621 512 1676 plures„
547 1632 673 1675 opere
717 1619 939 1675 occupatos
982 1622 1134 1663 inveni.
1224 1621 1373 1662 Versus
1417 1622 1606 1673 hyemem
1639 1636 1739 1664 vero

144 1690 149 1692 ’
202 1704 357 1733 novum
390 1703 413 1731 a
448 1692 546 1733 nido
581 1692 790 1733 ordiuntur
830 1694 1034 1748 canalem,
1096 1703 1217 1746 quem
1258 1693 1307 1734 ad
1349 1694 1545 1746 caespitem
1588 1703 1740 1735 tantum

202 1763 451 1817 perducunt,
488 1762 733 1815 tandemque
770 1762 902 1816 egesta
936 1776 959 1803 e
984 1764 1081 1805 nido
1114 1773 1216 1804 terra
1248 1765 1380 1804 tritum
1415 1764 1609 1805 transac‘tae
1637 1764 1740 1805 aesta-

203 1834 253 1875 tis
287 1834 517 1875 cuniculum
550 1835 709 1886 replent
741 1833 780 1874 &
809 1835 1017 1884 obturant,
1054 1847 1257 1885 nunquam
1290 1844 1423 1875 tamen
1455 1836 1506 1874 ita
1542 1837 1738 1887 pleniter,

202 1913 250 1945 ut
282 1916 367 1945 non
404 1916 512 1945 coeca
547 1914 661 1946 extus
690 1903 855 1957 vestigia
889 1906 1180 1956 antiquatorum
1216 1905 1410 1946 canalium
1445 1904 1656 1958 supersint,
1701 1905 1742 1946 &

202 1987 414 2017 numerum
456 1987 648 2016 annorum
668 2006 681 2026 ,
740 1976 886 2028 quibus
930 1974 1147 2016 habitatum
1189 1973 1266 2016 fuit
1313 1984 1495 2026 antrum,
1546 1976 1737 2017 indicent.

205 2047 340 2100 Quem
373 2057 472 2087 vero
508 2046 557 2087 ad
591 2045 788 2098 caespitem
820 2046 1007 2097 perduxit
1039 2058 1192 2087 novum
1237 2047 1386 2088 exitum
1430 2047 1570 2087 animal
1606 2048 1733 2100 primo

203 2130 324 2168 vere,
361 2128 484 2169 quum
520 2115 726 2161 defluxere
760 2117 875 2158 nives
908 2116 947 2156 &
985 2119 1130 2158 extima
1161 2119 1230 2158 vix
1261 2127 1370 2157 terrae
1411 2116 1536 2158 crusta
1567 2117 1739 2159 resoluta

204 2188 282 2240 est,
320 2200 372 2228 ex
409 2187 593 2240 hyberno
631 2196 794 2239 torpore
832 2187 1098 2229 resuscitatum
1144 2188 1377 2240 pertundit,
1434 2190 1555 2240 inque
1605 2190 1738 2230 lucem

204 2260 309 2310 exit,
346 2258 511 2300 favente
547 2256 707 2299 forsitan
743 2259 783 2300 in
809 2259 1052 2300 emollienda
1078 2270 1180 2300 terra
1219 2259 1313 2299 aeris
1348 2258 1486 2301 inclusi
1519 2262 1736 2312 temperie,

202 2344 224 2373 a
257 2331 387 2385 sopito
420 2330 575 2372 animali
606 2339 811 2382 utcunque
848 2321 1049 2382 tepefacti.
1075 2356 1126 2363 --
1198 2327 1296 2371 Haec
1331 2334 1465 2372 omnia
1507 2345 1529 2372 e
1566 2332 1735 2383 copiosis

917 2412 955 2452 R
991 2424 1013 2452 2
