2032 2630
752 220 856 257 MVS
900 221 1134 257 IACVLVS.
1638 231 1706 267 28!

174 330 292 373 quam
345 329 477 361 tamen
529 331 603 373 pro
647 318 868 360 Bibliorum
923 314 1106 380 Saphan
1151 319 1376 362 habendam
1424 321 1503 363 effe
1530 324 1709 365 >minime

173 391 435 432 consentiam.

309 511 431 551 Iaculi
476 509 626 551 deinde
670 512 857 553 me‘dioris
899 510 1050 553 staturae
1094 513 1234 553 icones
1277 515 1437 565 reliquis
1482 514 1708 567 mistorum,

175 595 261 635 quae
346 590 483 623 extant
557 583 741 623 omnibus
825 581 1133 634 praestantiores,
1222 583 1393 639 (sedente
1456 587 1495 626 in
1548 586 1707 639 posticis

172 662 292 704 atque
344 654 385 692 in
452 646 604 693 anticos
664 652 791 707 pedes
859 651 1024 694 demiffo
1101 656 1278 705 corporis
1320 642 1441 705 stu,
1531 659 1706 709 triplices

173 723 284 765 dedit
327 717 440 767 Nic,
483 717 650 768 Frllrlc.
701 735 843 764 HAYM
889 724 929 762 in
971 717 1201 784 Thesslm‘o
1245 718 1502 771 britannico
1537 722 1705 786 (Edit.

169 787 270 839 ital.
301 786 390 837 vol.
428 787 494 837 II.
527 800 577 852 p.
613 785 743 854 124·
784 787 905 854 vers
931 788 1063 840 latin.
1087 799 1134 854 p.
1171 803 1302 856 149-
1335 791 1426 841 tab.
1473 791 1595 858 17.)
1670 799 1706 840 Is

166 863 309 904 vivum
362 876 384 903 a
434 858 696 926 Dofflffimo
757 876 1026 905 SHERARDO
1078 867 1221 905 animal
1272 868 1432 916 habuit,
1485 882 1576 908 cum
1623 871 1705 911 aliis

168 935 328 976 curiosis
372 947 395 975 e
440 933 551 986 Syria
596 933 878 986 transmissum,
923 937 1111 988 variaque
1155 938 1257 977 circa
1294 938 1473 980 indolem
1518 940 1601 991 ejus
1639 941 1705 981 ad-

165 1007 335 1047 notavit.
406 1005 543 1046 Primis
579 1006 702 1047 tribus
738 1008 901 1059 integris
935 1006 1158 1057 menfibus,
1209 1007 1303 1049 dum
1340 1009 1429 1050 solis
1467 1012 1705 1067 amygdalis,

164 1076 358 1131 pistaciis,
401 1077 609 1129 granisque
653 1077 853 1127 alebatur,
903 1077 987 1118 fine
1031 1080 1139 1118 omni
1184 1089 1285 1130 potu
1330 1079 1494 1135 vixisse,
1537 1084 1705 1124 multum

164 1157 297 1188 tamen
334 1148 455 1188 urinae
488 1146 699 1189 reddidisse
735 1150 849 1189 vidit.
920 1148 1031 1189 Dein
1068 1149 1206 1190 didicit
1242 1153 1359 1191 etiarn
1395 1154 1548 1204 pomis,
1592 1166 1708 1194 caro-v

164 1220 236 1270 tis‚
271 1231 363 1272 rapa
401 1218 439 1258 &
475 1217 608 1260 herbis
652 1219 861 1271 praesertim
905 1218 1048 1272 fatuis,
1099 1220 1293 1272 spinacia,
1337 1222 1510 1273 laetum,
1558 1226 1701 1276 urtica,

164 1300 209 1331 ut
244 1289 282 1331 &
313 1301 419 1344 pane
448 1290 675 1331 saccharato
715 1291 846 1339 vesci3
888 1292 1067 1333 recusare
1111 1301 1242 1332 autem
1285 1303 1434 1343 rutam,
1473 1296 1701 1347 mentham,

164 1361 371 1413 thymum,
406 1362 581 1412 aliasque
622 1361 827 1411 odoratas,
871 1363 1049 1415 itemque
1080 1363 1235 1404 caseum
1264 1363 1302 1404 &
1338 1364 1532 1406 laeticinia
1557 1368 1701 1407 omnia.

164 1431 349 1474 oblatam
385 1444 524 1483 aquam
561 1433 760 1473 interdum
796 1433 913 1474 avide
951 1434 1106 1475 haurire
1142 1435 1267 1475 viium
1305 1435 1383 1485 est,
1422 1446 1460 1476 at
1495 1450 1578 1478 non
1616 1451 1700 1478 om-

159 1505 201 1545 ni
231 1492 442 1557 tempore.
546 1502 729 1544 Maxime
780 1503 993 1545 videbatur
1035 1518 1164 1546 amare
1210 1507 1395 1547 cannabis
1448 1508 1604 1559 semen,
1638 1509 1700 1556 ,δε

160 1587 285 1615 arenae
322 1573 547 1627 izupofitum
583 1575 750 1616 multum
788 1575 874 1627 ejus
909 1576 1192 1630 ingurgitabat,
1234 1586 1280 1618 ut
1317 1579 1434 1618 etiam
1478 1579 1571 1620 inde
1616 1593 1699 1633 gra-

161 1647 249 1686 vius
302 1643 449 1686 fastum
502 1645 719 1687 videretur.
829 1645 1025 1688 Caeterum
1078 1657 1162 1688 erat
1212 1648 1575 1702 mansuetissimum,
1619 1665 1697 1693 nec

159 1717 286 1758 odore
332 1717 646 1757 incommodum.
743 1715 784 1757 Si
827 1729 1120 1769 nocHARTo,
1165 1718 1322 1772 Saphan
1368 1720 1558 1762 biblicum
1602 1723 1697 1764 huic

159 1788 313 1828 animali
351 1788 565 1838 applicanti
601 1788 730 1826 minus
775 1788 883 1828 redte
930 1788 1098 1830 assensus
1145 1788 1202 1830 est
1245 1802 1493 1841 HAYM1vs‚
1539 1793 1695 1834 felicius

156 1859 318 1899 videtur
354 1855 564 1909 explicasse
601 1869 870 1897 HERODOTI
913 1859 1049 1898 locum
1092 1852 1129 1911 ¹)
1173 1871 1247 1911 per
1286 1873 1487 1902 nummum
1533 1876 1695 1905 aureum

158 1929 433 1980 cyrenaicum,
484 1929 524 1968 in
558 1940 639 1980 quo
676 1927 852 1968 distinc'ta
885 1928 1062 1981 expressa
1098 1929 1154 1969 est
1194 1929 1316 1971 Iaculi
1354 1932 1501 1984 effigies
1547 1936 1593 1975 ad
1637 1948 1695 1974 ra-

157 2001 286 2041 dicem
360 1999 501 2050 Silphii
545 2000 794 2053 antiquorum
838 2000 1030 2048 sedentis,
1069 2000 1180 2052 quod
1216 2013 1342 2053 genus
1379 2004 1521 2055 piantae
1547 2007 1583 2045 in
1612 2005 1693 2059 Cy-

153 2072 309 2112 renaica
354 2072 519 2124 regione
574 2071 800 2121 abundans,
848 2072 887 2110 in
932 2073 1102 2112 numinis
1144 2071 1253 2113 Iovis
1299 2073 1507 2116 Ammonis
1550 2078 1691 2119 crebro

153 2152 334 2184 occurrit.

201 2277 228 2319 ἰ)
267 2278 303 2310 In
343 2278 528 2318 Melpomene
573 2286 637 2317 cap.
665 2287 714 2318 92.
768 2280 787 2297 ‘⁴
814 2276 894 2310 Sunt
944 2278 1170 2319 „Tarteffiacis
1193 2278 1384 2319 simillimae„

149 2337 330 2373 „praeterea
350 2329 503 2367 mustelae,
528 2329 561 2360 in
578 2327 697 2370 Silphio
714 2328 896 2367 nascuntur,

817 2408 985 2458 Nn3
