1948 2630
182 207 251 249 378

569 449 1327 539 SCIVRVS

531 584 1372 637 STRIATVS.

184 686 347 800 Haec
392 720 544 771 species
587 726 686 759 vere
735 714 837 755 Afiae
872 714 1012 756 nostrae
1048 726 1139 755 cum
1175 715 1361 756 America
1405 718 1625 757 communis
1663 717 1719 759 est

329 793 367 832 &
407 789 485 843 jam
530 789 653 841 usque
698 788 739 827 in
781 785 1009 838 Europam,
1068 786 1220 825 scilicet
1264 798 1337 836 per
1382 799 1542 827 omnem
1586 786 1718 828 Kamae

186 863 299 905 fluvii
343 862 529 910 tradam,
579 859 617 898 &
664 856 712 895 ad
749 856 926 897 Dvinam
972 855 1054 897 sese
1100 857 1336 907 explicavit,
1381 858 1718 909 quemadmodum

187 947 262 986 per
294 946 433 973 omnes
459 929 709 970 Vralensium
745 928 941 967 montium
972 925 1195 978 frigidiores
1231 925 1360 977 sylvas
1392 928 1555 979 copiose
1589 930 1719 980 passim

191 1006 374 1045 occurrit.
447 1001 541 1041 Sola
567 1000 676 1054 haec,
703 1007 843 1048 praeter
861 997 985 1037 Sciuri
1004 997 1174 1049 vulgaris
1191 997 1400 1040 varietates
1425 998 1463 1038 &
1493 997 1557 1038 Sc.
1582 1001 1721 1040 volan-

191 1086 272 1116 tem
281 1104 296 1128 2
322 1087 394 1127 per
419 1072 594 1112 Sibiiiam
612 1070 827 1122 reperitur,
852 1080 988 1119 neque
1013 1069 1085 1108 alia
1109 1068 1187 1107 ulla
1207 1066 1359 1110 Sciurei
1381 1071 1536 1124 generis
1555 1069 1721 1121 species.

332 1145 377 1184 In
415 1144 534 1195 sylvis
580 1138 746 1181 acerofis
790 1140 912 1178 totius
935 1138 1081 1178 Sibiriae
1116 1137 1154 1176 &
1177 1136 1332 1179 finitimi
1357 1138 1498 1181 tractus
1522 1143 1724 1192 montani,

192 1217 272 1257 imo
301 1217 340 1254 in
366 1215 562 1255 Betuletis
593 1221 758 1263 quoque
783 1209 1015 1260 spissioribus
1047 1209 1237 1260 nusquam
1265 1210 1406 1252 desunt
1431 1211 1556 1251 Sciuri
1586 1210 1724 1260 striati3

193 1285 491 1339 frequentissimi
522 1284 611 1323 sunt
634 1282 703 1323 ubi
732 1279 902 1320 Cembra
928 1281 1124 1330 abundat,
1159 1282 1227 1321 vel
1254 1281 1323 1321 ubi
1347 1283 1387 1323 in
1415 1281 1571 1333 sylvosa
1598 1284 1726 1335 regio-

191 1369 245 1397 ne
270 1357 448 1396 inchoati
477 1355 555 1409 agri
584 1352 718 1406 pabuli
735 1351 914 1402 praebent
940 1352 1238 1400 abundantiam,
1264 1352 1312 1391 ad
1329 1353 1594 1403 promptuaria
1614 1365 1725 1404 prae-

192 1427 323 1467 sertim
350 1439 422 1478 pro
451 1427 599 1476 hyeme
630 1421 855 1463 condenda.
937 1423 997 1462 Ibi
1023 1425 1126 1463 circa
1150 1434 1273 1474 pagos
1298 1424 1393 1462 mira
1419 1423 1535 1472 copia
1560 1423 1725 1462 domici--

193 1498 246 1537 lia
272 1497 400 1550 figunt
432 1505 473 1536 et
499 1494 706 1535 frumentis
733 1493 802 1532 vel
832 1491 1012 1533 Cembrae
1045 1493 1201 1533 nuculis
1235 1493 1406 1544 granaria
1441 1491 1508 1531 sua
1542 1494 1722 1543 replent,

194 1569 474 1619 pullulantque
497 1564 704 1605 numerosa
731 1564 857 1612 prole.
930 1564 1086 1604 Absunt
1108 1572 1261 1603 tantum
1284 1565 1324 1602 in
1351 1564 1519 1602 maxime
1554 1561 1725 1613 ardicis,

197 1637 476 1677 deficientibus
507 1635 639 1686 sylvis,
664 1634 722 1673 uti
748 1632 806 1681 ἃ,
834 1643 999 1684 propter
1023 1635 1193 1674 eandem
1221 1630 1411 1682 caussam,
1442 1634 1543 1672 ultra
1561 1633 1726 1685 Anadyr

195 1708 375 1750 fluvium.
447 1706 546 1746 Ideo
565 1707 683 1745 etiam
712 1704 752 1742 in
770 1705 879 1743 omni
904 1703 1206 1753 Kamtschatka,
1231 1705 1326 1742 licet
1346 1702 1527 1742 Combrae
1552 1715 1727 1754 proven-

199 1787 243 1818 tu
279 1777 515 1824 feliciffima,
543 1776 705 1827 absunt,
730 1774 875 1823 pariter
900 1786 944 1814 ac
969 1774 1095 1814 Sciuri
1121 1775 1303 1826 vulgares
1327 1773 1365 1813 &
1391 1774 1597 1820 volantes3
1626 1786 1728 1825 quos

197 1860 337 1888 omnes
368 1848 489 1899 sylvis
522 1845 721 1886 denudata
750 1846 848 1884 ultra
866 1846 1127 1896 Kowymam,
1167 1843 1447 1897 sexagesimum
1473 1845 1575 1883 inter
1602 1853 1643 1884 et
1680 1851 1727 1895 58

199 1918 382 1973 gradum,
412 1918 522 1969 regio
549 1917 747 1965 coercuit,
780 1914 818 1954 &
841 1928 914 1967 per
937 1917 1066 1966 aprica
1087 1915 1354 1966 transmigrare
1370 1913 1592 1967 impedivit.

345 1988 386 2028 [n
422 1988 563 2039 sylvis,
600 1986 779 2038 quamvis
815 1985 1037 2038 uliginosis,
1083 1994 1215 2025 tamen
1251 1985 1382 2034 humi,
1431 1986 1533 2025 circa
1568 1992 1729 2026 truncos

199 2059 410 2112 praesertim
447 2057 628 2097 arborum
654 2056 758 2096 &in
791 2055 996 2096 tuberibus
1029 2056 1138 2095 elatis
1176 2064 1282 2096 antra
1307 2054 1374 2094 sua
1410 2054 1593 2103 fodiunt,
1630 2067 1732 2096 nun-

204 2143 336 2183 quam,
362 2129 550 2179 exemplo
574 2137 870 2179 congenerum,
910 2127 949 2165 in
976 2127 1122 2166 truncis
1139 2127 1306 2165 ramisve
1333 2125 1513 2165 arborum
1539 2124 1731 2167 stabulan-

202 2209 278 2248 ων,
301 2201 397 2240 licet
425 2207 534 2239 extra
558 2205 709 2238 antrum
734 2185 949 2249 perturbati
966 2198 1124 2250 egregie
1143 2196 1350 2246 scandant,
1377 2208 1530 2247 perque
1549 2203 1732 2237 truncum

205 2269 244 2309 &
268 2281 394 2310 ramos
421 2266 608 2322 expedite
633 2267 833 2309 cursitent.
906 2267 1032 2309 Antra
1054 2267 1193 2323 singuli
1218 2258 1356 2320 parant
1378 2265 1464 2308 satis
1488 2267 1731 2317 inordinata,
