1948 2630
186 203 256 246 258
773 194 873 231 MVS
926 191 1218 230 ACCEDVLA.

181 296 295 336 sentii
339 293 468 346 specie
510 293 837 346 intelligenduim
871 301 1092 345 potuerunt
1128 295 1234 335 enim
1256 294 1299 334 hi
1326 294 1452 335 minus
1480 293 1640 335 adtenta
1673 292 1724 336 de

181 367 302 418 plebe
341 366 521 405 homines
556 358 623 404 M.
661 363 858 416 Lagurum
895 365 964 405 vel
1001 365 1207 415 socialem,
1244 377 1340 406 vere
1378 366 1586 419 migrantes
1633 365 1719 416 spe-

184 438 265 477 cies
296 448 384 477 cum
423 436 632 476 Accedula
669 435 749 475 fine
795 437 911 476 tertio
954 437 1261 488 comparationis
1308 437 1439 476 oblata
1486 433 1720 477 confudiffe.

180 506 284 548 Non
322 509 427 548 enim
465 507 776 548 consentaneum
810 509 970 548 videtur
1001 508 1125 547 indoli
1163 507 1342 548 Murium
1379 507 1721 557 saoeuliferorum,

180 580 299 618 utin
349 579 579 619 societatem
624 580 971 633 peregrinat01·ia1.n
1020 580 1187 628 coeant,
1235 591 1354 631 quum
1394 577 1467 618 sint
1514 580 1720 619 mordaces

186 649 225 689 &
261 651 444 690 viciniam
494 650 877 702 consanguineorum
928 652 1052 704 vulgo
1108 649 1214 691 haud
1270 659 1415 690 ament.
1509 648 1724 690 Debuiffet

184 722 301 761 etiam
334 731 434 762 ¹tunc
472 722 623 773 species
661 722 744 761 haec
783 721 910 762 nostra
947 721 1198 772 frequentior
1235 722 1433 761 observari
1470 722 1509 761 in
1547 722 1615 761 illo
1654 720 1723 759 de-

182 791 314 841 serto,
354 793 465 844 quod
502 794 540 832 in
577 794 662 832 haec
699 794 849 833 minuta
888 793 1119 832 animalcula
1166 804 1385 844 eorumque
1434 802 1541 832 antra
1587 793 1723 833 adten-

180 863 338 906 tissimus
396 865 613 916 peragravi.
696 863 837 903 Liceat
891 876 985 915 ergo
1042 864 1091 903 de
1146 862 1214 903 ista
1266 864 1487 903 narratione
1538 862 1724 915 tantisper

184 936 362 974 dubitare
402 934 439 973 &
476 947 546 985 pro
585 934 787 984 sporadica
822 934 955 984 specie
994 933 1057 972 Μ.
1097 933 1344 974 Accedulam
1381 946 1623 986 proponere.

318 1004 582 1057 Distinguitur
631 1017 653 1044 a
707 1005 965 1056 sequentibus
1011 1004 1220 1055 speciebus
1263 1004 1382 1045 facile
1429 1005 1723 1058 magnitudine,

184 1077 442 1116 auricularum
494 1074 619 1115 forma
673 1076 1003 1129 sribemarginata,
1054 1076 1247 1115 labiorum
1311 1075 1476 1115 notabili
1540 1075 1723 1122 namne,

181 1148 320 1186 colore
359 1147 615 1188 subuniformi
655 1147 807 1199 gryseo.
884 1146 1032 1189 Caudae
1070 1146 1313 1187 craffitudine
1339 1146 1376 1186 &
1399 1146 1596 1186 brevitate
1635 1159 1725 1186 cum

187 1216 251 1257 M.
291 1218 455 1271 songaro
489 1218 571 1258 solo
611 1220 826 1266 convenit,
866 1231 954 1259 cum
993 1230 1074 1271 quo
1113 1228 1277 1271 propter
1312 1218 1504 1271 reliquam
1548 1217 1725 1257 dissimili-

183 1289 363 1331 tudinem
401 1302 421 1329 a
458 1290 618 1330 nemine
655 1288 774 1330 facile
809 1289 1096 1331 confundetur.

724 1387 1210 1440 DESCRIPTIO

381 1471 739 1522 MVRIS
809 1468 1538 1521 ACCEDVLAE.

813 1553 885 1585 Ταῦ.
909 1552 1046 1584 XVIII.
1072 1551 1114 1583 A.

325 1615 608 1683 llffa‘lgfll'z‘lldo
644 1619 730 1660 fere
770 1619 891 1671 dupla
938 1618 1002 1658 M.
1049 1620 1200 1660 arvalis.
1291 1614 1443 1680 Caput
1487 1619 1610 1671 majus
1657 1591 1725 1661 eo-

187 1691 299 1744 dem,
337 1694 529 1744 labiisque
568 1691 830 1732 carnosissimis
867 1690 989 1731 rostro
1029 1690 1184 1732 obtuso.

323 1780 485 1848 qum'
545 1786 802 1834 rotundatos,
872 1784 1118 1836 pubescens,
1181 1783 1266 1824 solo
1328 1784 1452 1825 limbo
1506 1783 1726 1824 transverso

185 1857 298 1908 supra
334 1869 469 1907 nares,
512 1858 824 1910 -prominuloque
869 1855 917 1896 ad
961 1855 1116 1907 septum
1164 1857 1348 1908 utrinque
1394 1855 1566 1908 margine
1609 1856 1724 1896 lunu-

187 1933 291 1978 lam,
329 1929 456 1969 nudis.

329 2015 524 2066 Labimn
561 2022 737 2074 superius
775 2021 852 2061 alte
889 2022 1093 2072 bilobum‚
1142 2021 1305 2062 incisura
1352 2023 1391 2061 in
1437 2020 1587 2061 sulcum
1633 2020 1732 2073 septi

189 2096 290 2133 inter
335 2105 448 2133 nares
494 2093 738 2143 profundum
786 2094 1027 2133 continuata.
1119 2086 1316 2137 Labimn
1359 2092 1522 2132 inferius
1569 2092 1608 2131 &
1649 2103 1728 2132 ma-

187 2165 290 2204 xime
352 2164 454 2204 finus
500 2166 575 2205 oris
620 2166 803 2216 utrinque
848 2165 948 2214 lam',
993 2164 1260 2213 carnosissimi,
1305 2164 1468 2213 tumidi,
1512 2163 1619 2204 unde
1664 2164 1729 2204 ad-

189 2233 343 2284 spefflis
388 2235 610 2287 singularis3
658 2236 784 2287 ipsum
826 2236 974 2275 labium
1020 2234 1089 2274 inf.
1136 2236 1183 2275 ad
1228 2236 1303 2274 oris
1347 2234 1472 2275 smum
1517 2233 1728 2284 inflexum,

192 2304 414 2344 connivens
457 2305 569 2358 supra
623 2317 844 2359 aperturam
889 2307 1074 2358 utrinque
1118 2305 1167 2344 ad
1205 2305 1470 2346 mandibulam
1531 2305 1751 2354 hiantem‚'
