1948 2630
216 192 283 229 ‚83
768 152 906 220 ’Μῑῖε
954 182 1180 220 LEMMVS.

355 280 695 336 Quandoquidem
711 279 902 323 Lemmus
919 281 1128 334 praesertim
1145 281 1442 334 migrationibus
1459 281 1534 323 suis
1553 283 1764 335 inclaruit„

216 355 266 396 de
297 355 420 394 modo
454 353 492 393 &
523 355 675 394 ratione
711 354 848 394 harum
884 355 1059 405 inprimis
1100 366 1122 393 e
1160 355 1313 394 collatis
1353 354 1557 396 ausim-um
1594 356 1752 396 relatio-

210 427 327 467 nibus
361 427 499 466 dicam.
532 453 582 459 --
653 425 858 467 Accidunt
888 427 948 471 hae
983 426 1236 478 migrationes
1270 438 1352 466 non
1388 427 1630 478 quotannis,
1671 439 1754 467 nec

211 498 371 550 saepius,
404 498 576 537 certisve
608 498 786 546 vicibus,
823 496 890 538 sed
923 498 1159 549 plerumque
1196 498 1265 537 vix
1299 497 1421 538 semel
1463 499 1562 537 intra
1605 497 1756 537 decen-

209 570 340 618 nium,
375 570 518 618 immo,
553 569 787 620 quibusdam
823 570 922 610 locis
953 569 991 608 δι
1026 569 1223 622 periodis,
1266 569 1396 609 adhuc
1429 571 1560 609 rarius.
1642 569 1752 609 Insoq

212 641 283 681 lita
318 642 461 680 horum
495 641 819 680 animalculorum
856 642 896 680 in
929 629 1090 682 desertis
1115 640 1254 691 alpinis
1281 640 1479 681 inacceffis
1518 640 1753 691 multiplica-

211 714 290 762 tio,
315 710 497 752 defensus
523 712 659 763 pabuli
693 712 762 752 vel
796 712 962 763 praesens
995 713 1064 752 vel
1095 702 1238 751 instans
1265 712 1470 763 populosae
1500 712 1754 763 reipublicae,

210 783 423 835 sensusque
470 783 688 824 futurarum
731 777 1006 835 tempestatum
1044 784 1199 832 multis,
1249 783 1456 835 praesertim
1503 784 1643 823 murini
1682 794 1752 835 ge-

211 857 340 903 neris,
378 855 610 894 animalibus
649 854 807 903 insitus,
852 854 1086 905 potissimum
1122 867 1195 905 pro
1236 853 1364 893 caussa
1407 854 1589 894 mirabilis
1634 853 1751 904 hujus

212 925 555 976 transmigrationis
597 924 732 964 haberi
774 923 885 976 posse
927 925 1127 965 videntur.
1214 923 1386 977 Egregie
1435 925 1482 965 ad
1529 925 1611 965 hoc
1653 924 1751 964 facit

206 995 399 1048 judiciosa
434 1006 699 1035 HoEcs'rRo
712 1007 825 1036 EM11
853 996 1099 1036 observatio:
1125 994 1313 1035 Lenunos
1339 995 1574 1048 potissimum
1602 1006 1755 1036 autum-

207 1069 268 1108 nis
311 1068 472 1120 migrare
509 1067 576 1121 iis,
617 1079 718 1118 quos
750 1067 905 1107 insolite
943 1066 1098 1108 strenua
1132 1067 1169 1106 in
1210 1068 1348 1117 alpinis
1387 1067 1616 1119 regionibus
1650 1067 1750 1106 inse-

208 1140 340 1192 quitur
374 1138 528 1189 hyems.
607 1138 770 1178 Aestate
804 1140 894 1179 anni
927 1138 1097 1178 MDCC
1117 1137 1239 1178 XLII.
1275 1137 1481 1190 postquam
1515 1151 1563 1178 ex
1599 1139 1753 1190 alpibus

209 1206 508 1262 demigrass‘ent,
555 1209 702 1250 eodem
752 1211 1078 1259 revertebantur,
1135 1220 1175 1250 at
1228 1211 1268 1249 in
1321 1208 1488 1250 Umenii
1534 1209 1752 1261 Lapponiae

210 1280 381 1321 distrifm
425 1290 617 1321 autumno
661 1282 752 1321 anni
796 1281 1070 1333 subsequentis
1114 1281 1249 1322 versus
1283 1283 1516 1321 orientalem
1548 1282 1753 1332 planitiem

209 1352 522 1401 descenderunt,
561 1350 737 1393 insecuta
787 1353 828 1391 in
867 1365 915 1393 ea
949 1362 1059 1404 parte
1096 1354 1218 1405 alpini
1261 1352 1341 1403 jugi
1397 1352 1612 1405 rigidiffinia
1652 1353 1753 1403 hye-

209 1436 297 1470 me3
334 1424 427 1464 dum
462 1432 600 1464 contra
634 1425 674 1462 in
711 1424 934 1463 borealiore
964 1418 1194 1476 L'apponia,
1222 1423 1431 1474 praesertim
1459 1423 1645 1472 Lulenfi,
1681 1424 1751 1464 ubi

207 1495 340 1535 mitior
376 1494 516 1533 eadem
556 1494 772 1543 fuit,¹n0n
811 1495 1036 1546 migrarunt.
1118 1494 1246 1533 Addit
1289 1496 1419 1544 idem,
1467 1494 1580 1534 simili
1624 1495 1757 1535 modo*

211 1567 284 1605 alia
321 1577 484 1617 quoque
533 1566 732 1615 animalia,
775 1566 983 1618 praesertim
1015 1564 1234 1615 *Erminea,
1280 1566 1499 1606 brumalem
1546 1563 1748 1606 exceffum

209 1636 431 1688 praesentire
475 1646 595 1686 atque
635 1635 815 1676 aliorsum
862 1637 1155 1689 transmigrare,
1202 1637 1312 1688 quod
1370 1638 1480 1677 illum
1524 1626 1750 1676 observatio

211 1719 404 1747 annorum
428 1718 526 1757 1730
545 1706 582 1746 δι
603 1718 721 1757 1744.
740 1706 891 1747 docuit.
915 1728 967 1734 -
1015 1707 1204 1748 Attamen
1231 1709 1365 1760 pabuli
1381 1709 1526 1760 pariter
1545 1706 1752 1748 defectum

209 1778 411 1831 migrantia
442 1777 571 1829 paliim
605 1778 785 1816 animalia
831 1777 987 1818 sedibus
1016 1777 1111 1818 -suis
1157 1779 1389 1829 depellere,
1435 1778 1635 1817 notissimae
1675 1789 1749 1829 per

211 1848 412 1897 sibiliam,
448 1860 470 1887 e
515 1859 660 1899 magno
712 1846 810 1901 jugo
849 1847 1106 1899 limitropho,
1150 1847 1285 1888 versus
1317 1848 1446 1900 sylvas
1476 1848 1514 1887 δε
1545 1849 1752 1899 planitiem

210 1921 497 1967 borealiorern,
535 1920 731 1958 variorum
770 1919 993 1958 animalium
1032 1919 1286 1970 migrationes
1329 1928 1520 1971 arguunt,
1568 1929 1613 1960 ut
1654 1920 1749 1960 inde

212 1991 447 2043 quibusdam
497 1990 607 2029 annis
660 1988 842 2039 Lepores
888 1982 927 2040 ὁ)
973 1989 1107 2030 versus
1157 1990 1343 2039 boream,
1394 1990 1603 2043 praesertim
1646 1992 1750 2030 circa

211 2062 402 2102 Ieniseam
434 2060 472 2101 &
504 2060 677 2101 Tomum
709 2058 856 2099 fluvios
894 2061 1090 2099 turmatim
1125 2061 1390 2108 descendant3
1419 2063 1522 2110 aliis,
1555 2070 1748 2102 autumno

212 2134 423 2186 ingruente
459 2131 688 2171 Sciurorum
721 2131 816 2170 mira
851 2132 968 2183 copia
1001 2133 1248 2184 migrantium
1287 2133 1347 2173 vis
1389 2141 1597 2184 appareat,
1645 2145 1747 2183 quos

213 2215 236 2243 e
282 2205 419 2245 colore
458 2203 676 2256 nigricante
713 2202 854 2253 pellis,
896 2214 981 2242 non
1019 2202 1102 2254 ejus
1147 2204 1341 2256 regionis,
1385 2215 1503 2256 quam
1547 2212 1748 2256 occupant

891 2285 895 2288 ·
1265 2268 1268 2269 ⁷
1445 2274 1484 2314 &
1518 2283 1746 2330 peragrant,

243 2353 290 2402 ὅ)
318 2357 396 2391 Vidn
422 2368 490 2400 quae
503 2359 592 2402 supra
605 2361 637 2392 in
653 2361 784 2403 Leporis
801 2359 962 2394 variabilis
982 2360 1110 2393 historia
1136 2360 1232 2394 fufius
1258 2361 1388 2402 exposui
1412 2371 1444 2402 p.
1459 2369 1507 2401 15
