2032 2630
809 191 910 229 MVS
957 191 1754 239 1ACVLVS.295

218 301 287 333 tex
322 289 589 338 cinerascens;
633 288 786 329 femora
831 299 944 332 extus
988 289 1174 342 pallidiffi
1168 301 1228 330 ne
1274 290 1432 343 grysea,
1476 299 1587 336 area
1629 301 1750 332 trans-

217 363 329 404 versa
366 363 541 402 clunium
579 361 687 410 alba,
734 361 847 414 supra
883 362 1064 414 infraque
1109 361 1355 403 fuseescente
1400 361 1547 415 stQpata
1630 363 1750 405 Artus

218 434 404 482 extremi,
442 433 481 472 δε
517 444 661 483 corpus
699 434 832 474 iubtus
869 442 997 473 totum
1034 432 1214 474 candoris
1251 434 1373 473 nivei.
1446 433 1491 473 In
1517 435 1751 486 quibusdam

216 505 405 557 pygmaeis
443 506 556 543 litura
592 503 730 543 frontis
768 505 893 543 alben.

362 571 416 619 V
407 568 518 619 ellus
552 575 702 624 breve,
738 574 1030 623 mollissimum,
1055 575 1301 626 laevigatum‚
1337 584 1383 614 ut
1417 576 1628 627 plurimum
1665 578 1754 628 sex,

218 646 428 697 septemve
465 646 676 693 linearum,
714 647 817 685 cirea
854 647 992 687 clunes
1030 645 1151 697 usque
1190 645 1239 684 ad
1290 642 1394 684 10.“‘
1439 639 1622 692 Szttllrae
1669 651 1755 689 vel.

218 718 308 757 leris
345 730 422 756 una
459 716 592 757 subtus
637 728 658 755 a
703 714 833 756 sterno
879 715 1012 756 medio
1060 717 1108 756 ad
1152 714 1323 755 mediam
1366 718 1499 757 alvum
1544 719 1757 771 longitudi-

217 789 314 828 nalis
352 787 389 826 &
426 787 610 837 utrinque
649 799 670 826 a
708 786 831 826 cauda
867 786 1086 827 secundum
1121 785 1274 826 femora
1311 788 1542 840 marginalis.

355 851 599 918 Pygmaeis
635 857 833 899 interdurn
869 857 1003 898 subtus
1040 859 1154 898 litura
1196 869 1338 912 magna
1383 868 1462 898 atra
1504 859 1545 899 in
1588 861 1753 913 regione

219 927 369 970 cardiae.

358 992 494 1044 Anus
548 1012 569 1040 a
613 998 740 1041 cauda
781 1008 987 1050 remotus,
1050 1002 1243 1053 praeputio
1300 1000 1496 1044 tumidulo
1543 1003 1756 1056 contiguus

218 1071 419 1118 masculis3
468 1064 676 1115 scrotum
722 1070 950 1123 didymum,
1005 1071 1054 1112 ad
1099 1073 1282 1124 uropygii
1327 1081 1547 1113 extremum
1591 1085 1755 1125 proten-

217 1143 323 1192 sum,
359 1140 535 1190 nudum,
572 1141 777 1194 rugosum,
814 1141 1051 1183 fuscescens.
1087 1167 1139 1174 -
1172 1180 1178 1184 .
1209 1143 1255 1184 In
1291 1143 1448 1184 feminis
1484 1138 1627 1189 vlllvll
1663 1159 1754 1188 cum

218 1225 295 1254 ano
331 1214 431 1252 intra
465 1224 600 1264 rugam
637 1215 865 1254 annularem
904 1215 1002 1254 cutis
1040 1225 1318 1264 communem,
1363 1227 1384 1254 a
1419 1215 1570 1262 summo
1607 1229 1754 1269 uropy-

216 1286 282 1338 gio
320 1284 472 1335 aliquot
505 1284 621 1324 lineis
657 1294 830 1333 remota,
868 1285 1091 1325 connivens
1128 1285 1238 1326 labiis
1295 1285 1488 1336 carnosis,
1540 1287 1644 1327 intus
1690 1301 1753 1328 ru-

216 1355 342 1409 gosis,
379 1356 419 1394 in
456 1354 639 1395 lobulum
675 1367 931 1396 communem
967 1354 1190 1409 prodimus,
1235 1355 1305 1397 sub
1342 1369 1423 1408 quo
1467 1359 1565 1398 latet
1608 1359 1754 1411 papilia
1798 1346 1803 1350 ⁵

216 1426 423 1466 clitoridea
467 1425 621 1477 exigua.
658 1428 709 1454 --‘-
805 1420 1030 1470 Mllmmae
1073 1427 1228 1478 papillis
1272 1427 1420 1479 rugosis
1466 1429 1640 1483 conicis,
1686 1430 1754 1469 ali-

218 1506 319 1549 quot
363 1494 487 1535 lineas
525 1496 654 1551 longis
691 1495 937 1550 (laetationis
974 1495 1207 1550 tempore),
1243 1499 1376 1538 areola
1411 1499 1550 1551 rugosa
1587 1499 1751 1550 ciiiffis3

217 1578 385 1620 quorum
429 1579 452 1606 2
505 1566 730 1619 pectorales
765 1569 870 1610 inter
906 1580 1055 1619 armos,
1118 1581 1140 1611 2
1195 1570 1235 1609 in
1271 1571 1445 1623 margine
1493 1570 1684 1621 thoracis,
1731 1584 1754 1611 2

219 1640 259 1678 in
295 1639 418 1678 latere
455 1639 643 1679 interiore
680 1637 907 1688 femorum,
944 1638 983 1679 &
1014 1652 1041 1699 3
1077 1640 1199 1692 paulo
1236 1641 1449 1682 viciniores
1473 1639 1522 1681 ad
1556 1640 1753 1694 posticum

215 1711 429 1763 marginem
465 1708 685 1759 femorum,
721 1709 791 1751 sub
829 1712 1042 1762 uropygio.

735 1796 788 1837 M
805 1796 840 1836 E
858 1796 905 1837 N
931 1797 956 1837 S
984 1799 1027 1838 V
1053 1799 1091 1838 R
1118 1799 1155 1838 A
1182 1798 1230 1838 E.

357 1867 567 1909 Mensuras
583 1868 649 1908 hic
668 1868 835 1920 primum
864 1869 967 1908 dabo
987 1879 1229 1922 comparatas
1253 1881 1275 1909 e
1294 1869 1430 1921 majori
1459 1872 1496 1913 δε
1518 1875 1662 1914 minori
1681 1887 1748 1915 va-

217 1946 371 1992 rietate,
390 1952 476 1992 quae
499 1939 825 1996 proportionibus
853 1943 1117 1991 conveniunt,
1145 1940 1182 1980 &
1207 1942 1369 1993 quidem
1408 1956 1429 1982 e
1459 1944 1614 1995 majoris
1651 1947 1750 1987 mas-

218 2014 333 2063 culo,
371 2011 597 2063 Orenburgi
635 2008 820 2058 diffeffito,
858 2011 926 2062 qui
963 2014 1097 2052 uncias
1134 2011 1285 2063 septem
1324 2025 1414 2054 cum
1459 2015 1511 2060 δὲ
1557 2017 1749 2059 drachmis

216 2083 444 2139 pendebam
507 2080 544 2121 &
590 2092 612 2120 e
657 2080 808 2124 femina
852 2081 901 2121 ad
945 2084 1138 2135 oppidum
1181 2081 1361 2134 Ja'icense
1409 2096 1544 2137 capta,
1598 2089 1750 2139 septem

215 2168 306 2197 cum
343 2153 501 2195 dimidia
536 2152 759 2200 unciarum3
797 2151 835 2194 &
871 2153 1046 2205 denique
1085 2166 1106 2194 e
1145 2156 1304 2195 minoris
1341 2155 1488 2198 femina
1525 2159 1564 2199 in
1609 2160 1751 2200 eadem

216 2228 382 2279 regione
436 2232 575 2278 capta,
640 2236 717 2276 qua
769 2233 901 2265 tamen
948 2227 1073 2277 multo
1129 2227 1362 2267 minutiores
1413 2229 1461 2269 ad
1515 2228 1746 2272 inferiorem

217 2297 371 2349 Ja‘sstum
410 2294 690 2350 observantur,
726 2297 852 2349 primo
891 2296 1053 2349 quidem
1090 2309 1186 2339 vere
1225 2297 1264 2338 &
1300 2298 1453 2339 adultae.

906 2367 937 2406 P
973 2380 999 2419 p
1037 2380 1059 2407 2
