<?xml version="1.0" encoding="UTF-8"?>
<!DOCTYPE html PUBLIC "-//W3C//DTD XHTML 1.0 Transitional//EN"
    "http://www.w3.org/TR/xhtml1/DTD/xhtml1-transitional.dtd">
<html xmlns="http://www.w3.org/1999/xhtml" xml:lang="en" lang="en">
 <head>
  <title>
</title>
<meta http-equiv="Content-Type" content="text/html;charset=utf-8" />
  <meta name='ocr-system' content='tesseract 3.04.00' />
  <meta name='ocr-capabilities' content='ocr_page ocr_carea ocr_par ocr_line ocrx_word'/>
</head>
<body>
  <div class='ocr_page' id='page_1' title='image "./novaespeciesqvad00pall/novaespeciesqvad00pall_0156.png"; bbox 0 0 1948 2630; ppageno 0'>
   <div class='ocr_carea' id='block_1_1' title="bbox 183 192 1133 246">
    <p class='ocr_par' dir='ltr' id='par_1_1' title="bbox 183 192 1133 246">
     <span class='ocr_line' id='line_1_1' title="bbox 183 192 1133 246; baseline -0.002 -18"><span class='ocrx_word' id='word_1_1' title='bbox 183 210 257 246; x_wconf 64' lang='lat' dir='ltr'>mo</span> <span class='ocrx_word' id='word_1_2' title='bbox 488 197 509 212; x_wconf 91' lang='lat'><strong>·</strong></span> <span class='ocrx_word' id='word_1_3' title='bbox 751 192 850 228; x_wconf 81' lang='lat' dir='ltr'>Mvs</span> <span class='ocrx_word' id='word_1_4' title='bbox 879 192 1133 229; x_wconf 78' lang='lat' dir='ltr'>01T1LLVS.</span> 
     </span>
    </p>
   </div>
   <div class='ocr_carea' id='block_1_2' title="bbox 179 288 1720 491">
    <p class='ocr_par' dir='ltr' id='par_1_2' title="bbox 179 288 1720 491">
     <span class='ocr_line' id='line_1_2' title="bbox 181 288 1718 345; baseline -0.001 -8"><span class='ocrx_word' id='word_1_5' title='bbox 181 295 425 339; x_wconf 75' lang='lat' dir='ltr'>adversariis:</span> <span class='ocrx_word' id='word_1_6' title='bbox 470 292 632 345; x_wconf 84' lang='lat' dir='ltr'>Jacutos</span> <span class='ocrx_word' id='word_1_7' title='bbox 664 290 735 331; x_wconf 91' lang='lat' dir='ltr'>sub</span> <span class='ocrx_word' id='word_1_8' title='bbox 771 290 896 332; x_wconf 87' lang='lat' dir='ltr'>finem</span> <span class='ocrx_word' id='word_1_9' title='bbox 939 291 1086 344; x_wconf 87' lang='lat' dir='ltr'>Aprilis</span> <span class='ocrx_word' id='word_1_10' title='bbox 1124 288 1372 333; x_wconf 78' lang='lat' dir='ltr'>foeminarum</span> <span class='ocrx_word' id='word_1_11' title='bbox 1417 291 1520 335; x_wconf 86' lang='lat' dir='ltr'>inter</span> <span class='ocrx_word' id='word_1_12' title='bbox 1559 289 1718 335; x_wconf 79' lang='lat' dir='ltr'>citillos</span> 
     </span>
     <span class='ocr_line' id='line_1_3' title="bbox 180 362 1720 419; baseline -0.003 -10"><span class='ocrx_word' id='word_1_13' title='bbox 180 367 345 419; x_wconf 82' lang='lat' dir='ltr'>vestigia</span> <span class='ocrx_word' id='word_1_14' title='bbox 377 378 399 406; x_wconf 93' lang='lat' dir='ltr'>e</span> <span class='ocrx_word' id='word_1_15' title='bbox 436 364 551 419; x_wconf 78' lang='lat' dir='ltr'>signis</span> <span class='ocrx_word' id='word_1_16' title='bbox 586 363 893 417; x_wconf 84' lang='lat' dir='ltr'>sanguinolentis</span> <span class='ocrx_word' id='word_1_17' title='bbox 932 363 1188 418; x_wconf 85' lang='lat' dir='ltr'>dignoscere;</span> <span class='ocrx_word' id='word_1_18' title='bbox 1233 362 1263 403; x_wconf 85' lang='lat' dir='ltr'><strong>fi</strong></span> <span class='ocrx_word' id='word_1_19' title='bbox 1297 363 1421 404; x_wconf 87' lang='lat' dir='ltr'>modo</span> <span class='ocrx_word' id='word_1_20' title='bbox 1462 370 1547 406; x_wconf 86' lang='lat' dir='ltr'>non</span> <span class='ocrx_word' id='word_1_21' title='bbox 1592 365 1720 406; x_wconf 79' lang='lat' dir='ltr'>aliena</span> 
     </span>
     <span class='ocr_line' id='line_1_4' title="bbox 179 433 957 491; baseline -0.006 -11"><span class='ocrx_word' id='word_1_22' title='bbox 179 438 341 491; x_wconf 79' lang='lat' dir='ltr'>vestigia</span> <span class='ocrx_word' id='word_1_23' title='bbox 372 438 421 478; x_wconf 80' lang='lat' dir='ltr'>ad</span> <span class='ocrx_word' id='word_1_24' title='bbox 453 435 610 476; x_wconf 86' lang='lat' dir='ltr'>Citillos</span> <span class='ocrx_word' id='word_1_25' title='bbox 640 433 790 476; x_wconf 92' lang='lat' dir='ltr'>fuerint</span> <span class='ocrx_word' id='word_1_26' title='bbox 823 437 957 477; x_wconf 83' lang='lat' dir='ltr'>relata.</span> 
     </span>
    </p>
   </div>
   <div class='ocr_carea' id='block_1_3' title="bbox 179 528 1722 2357">
    <p class='ocr_par' dir='ltr' id='par_1_3' title="bbox 179 528 1722 2357">
     <span class='ocr_line' id='line_1_5' title="bbox 314 528 1718 573; baseline -0.002 0"><span class='ocrx_word' id='word_1_27' title='bbox 314 532 498 573; x_wconf 86' lang='lat' dir='ltr'>Foeminae</span> <span class='ocrx_word' id='word_1_28' title='bbox 538 530 646 571; x_wconf 90' lang='lat' dir='ltr'>domi</span> <span class='ocrx_word' id='word_1_29' title='bbox 691 530 864 571; x_wconf 82' lang='lat' dir='ltr'>detentae</span> <span class='ocrx_word' id='word_1_30' title='bbox 904 529 942 570; x_wconf 73' lang='grc' dir='ltr'>δε</span> <span class='ocrx_word' id='word_1_31' title='bbox 982 543 1004 571; x_wconf 87' lang='lat' dir='ltr'>a</span> <span class='ocrx_word' id='word_1_32' title='bbox 1046 530 1226 570; x_wconf 88' lang='lat' dir='ltr'>cicuratis</span> <span class='ocrx_word' id='word_1_33' title='bbox 1267 529 1437 571; x_wconf 88' lang='lat' dir='ltr'>maribus</span> <span class='ocrx_word' id='word_1_34' title='bbox 1481 528 1718 572; x_wconf 80' lang='lat' dir='ltr'>foecundatae</span> 
     </span>
     <span class='ocr_line' id='line_1_6' title="bbox 181 599 1719 654; baseline -0.001 -9"><span class='ocrx_word' id='word_1_35' title='bbox 181 615 321 646; x_wconf 89' lang='lat' dir='ltr'>omnes</span> <span class='ocrx_word' id='word_1_36' title='bbox 356 605 454 644; x_wconf 82' lang='lat' dir='ltr'>intra</span> <span class='ocrx_word' id='word_1_37' title='bbox 490 601 723 654; x_wconf 83' lang='lat' dir='ltr'>vigesimum</span> <span class='ocrx_word' id='word_1_38' title='bbox 754 603 935 653; x_wconf 88' lang='lat' dir='ltr'>quintum</span> <span class='ocrx_word' id='word_1_39' title='bbox 971 604 1038 642; x_wconf 87' lang='lat' dir='ltr'>vel</span> <span class='ocrx_word' id='word_1_40' title='bbox 1067 601 1304 654; x_wconf 78' lang='lat' dir='ltr'>trigesimum</span> <span class='ocrx_word' id='word_1_41' title='bbox 1333 613 1355 640; x_wconf 88' lang='lat' dir='ltr'>a</span> <span class='ocrx_word' id='word_1_42' title='bbox 1379 599 1587 654; x_wconf 81' lang='lat' dir='ltr'>congressu</span> <span class='ocrx_word' id='word_1_43' title='bbox 1612 602 1719 643; x_wconf 89' lang='lat' dir='ltr'>diem</span> 
     </span>
     <span class='ocr_line' id='line_1_7' title="bbox 179 671 1719 729; baseline -0.003 -13"><span class='ocrx_word' id='word_1_44' title='bbox 179 684 448 729; x_wconf 89' lang='lat' dir='ltr'>pepererunt,</span> <span class='ocrx_word' id='word_1_45' title='bbox 488 673 598 725; x_wconf 92' lang='lat' dir='ltr'>quod</span> <span class='ocrx_word' id='word_1_46' title='bbox 632 673 737 712; x_wconf 88' lang='lat' dir='ltr'>circa</span> <span class='ocrx_word' id='word_1_47' title='bbox 765 672 960 714; x_wconf 79' lang='lat' dir='ltr'>Samaram</span> <span class='ocrx_word' id='word_1_48' title='bbox 992 674 1046 714; x_wconf 93' lang='lat' dir='ltr'>in.</span> <span class='ocrx_word' id='word_1_49' title='bbox 1067 674 1220 712; x_wconf 87' lang='lat' dir='ltr'>initium</span> <span class='ocrx_word' id='word_1_50' title='bbox 1258 673 1413 712; x_wconf 86' lang='lat' dir='ltr'>circiter</span> <span class='ocrx_word' id='word_1_51' title='bbox 1436 671 1538 725; x_wconf 82' lang='lat' dir='ltr'>Maji</span> <span class='ocrx_word' id='word_1_52' title='bbox 1568 673 1719 714; x_wconf 87' lang='lat' dir='ltr'>incidit.</span> 
     </span>
     <span class='ocr_line' id='line_1_8' title="bbox 180 743 1721 796; baseline -0.001 -10"><span class='ocrx_word' id='word_1_53' title='bbox 180 746 293 786; x_wconf 86' lang='lat' dir='ltr'>Idem</span> <span class='ocrx_word' id='word_1_54' title='bbox 326 745 412 787; x_wconf 91' lang='lat' dir='ltr'>fere</span> <span class='ocrx_word' id='word_1_55' title='bbox 446 754 603 796; x_wconf 88' lang='lat' dir='ltr'>tempus</span> <span class='ocrx_word' id='word_1_56' title='bbox 637 743 688 784; x_wconf 90' lang='lat' dir='ltr'>de</span> <span class='ocrx_word' id='word_1_57' title='bbox 715 743 964 785; x_wconf 83' lang='lat' dir='ltr'>Lenenfibus</span> <span class='ocrx_word' id='word_1_58' title='bbox 999 744 1174 796; x_wconf 87' lang='lat' dir='ltr'>prodidit</span> <span class='ocrx_word' id='word_1_59' title='bbox 1207 755 1483 784; x_wconf 76' lang='lat' dir='ltr'>GMELths.</span> <span class='ocrx_word' id='word_1_60' title='bbox 1564 743 1645 785; x_wconf 89' lang='lat' dir='ltr'>Sed</span> <span class='ocrx_word' id='word_1_61' title='bbox 1678 745 1721 785; x_wconf 90' lang='lat' dir='ltr'>in</span> 
     </span>
     <span class='ocr_line' id='line_1_9' title="bbox 180 814 1720 868; baseline -0.003 -10"><span class='ocrx_word' id='word_1_62' title='bbox 180 817 338 858; x_wconf 84' lang='lat' dir='ltr'>deserto</span> <span class='ocrx_word' id='word_1_63' title='bbox 376 814 698 864; x_wconf 82' lang='lat' dir='ltr'>Astrachanenfi,</span> <span class='ocrx_word' id='word_1_64' title='bbox 735 816 804 855; x_wconf 91' lang='lat' dir='ltr'>ubi</span> <span class='ocrx_word' id='word_1_65' title='bbox 840 815 940 868; x_wconf 87' lang='lat' dir='ltr'>saepe</span> <span class='ocrx_word' id='word_1_66' title='bbox 978 825 1070 854; x_wconf 83' lang='lat' dir='ltr'>ante</span> <span class='ocrx_word' id='word_1_67' title='bbox 1113 816 1267 856; x_wconf 84' lang='lat' dir='ltr'>initium</span> <span class='ocrx_word' id='word_1_68' title='bbox 1301 814 1439 854; x_wconf 74' lang='lat' dir='ltr'>Martii</span> <span class='ocrx_word' id='word_1_69' title='bbox 1477 814 1557 866; x_wconf 85' lang='lat' dir='ltr'>jam</span> <span class='ocrx_word' id='word_1_70' title='bbox 1594 827 1720 866; x_wconf 90' lang='lat' dir='ltr'>copu-</span> 
     </span>
     <span class='ocr_line' id='line_1_10' title="bbox 181 884 1720 940; baseline -0.003 -10"><span class='ocrx_word' id='word_1_71' title='bbox 181 891 330 938; x_wconf 84' lang='lat' dir='ltr'>lantur,</span> <span class='ocrx_word' id='word_1_72' title='bbox 367 889 524 939; x_wconf 82' lang='lat' dir='ltr'>pariunt</span> <span class='ocrx_word' id='word_1_73' title='bbox 555 885 690 926; x_wconf 81' lang='lat' dir='ltr'>versus</span> <span class='ocrx_word' id='word_1_74' title='bbox 724 887 877 926; x_wconf 86' lang='lat' dir='ltr'>initium</span> <span class='ocrx_word' id='word_1_75' title='bbox 912 887 1082 937; x_wconf 86' lang='lat' dir='ltr'>Aprilis;</span> <span class='ocrx_word' id='word_1_76' title='bbox 1120 887 1172 926; x_wconf 85' lang='lat' dir='ltr'>ita</span> <span class='ocrx_word' id='word_1_77' title='bbox 1214 896 1258 927; x_wconf 90' lang='lat' dir='ltr'>ut</span> <span class='ocrx_word' id='word_1_78' title='bbox 1298 886 1434 926; x_wconf 87' lang='lat' dir='ltr'>medio</span> <span class='ocrx_word' id='word_1_79' title='bbox 1470 884 1610 925; x_wconf 63' lang='lat' dir='ltr'>lssartii</span> <span class='ocrx_word' id='word_1_80' title='bbox 1638 898 1720 940; x_wconf 90' lang='lat' dir='ltr'>gra·</span> 
     </span>
     <span class='ocr_line' id='line_1_11' title="bbox 179 957 1721 1009; baseline -0.002 -10"><span class='ocrx_word' id='word_1_81' title='bbox 179 959 312 1008; x_wconf 66' lang='lat' dir='ltr'>vidais,</span> <span class='ocrx_word' id='word_1_82' title='bbox 349 958 419 998; x_wconf 88' lang='lat' dir='ltr'>sub</span> <span class='ocrx_word' id='word_1_83' title='bbox 447 957 624 997; x_wconf 89' lang='lat' dir='ltr'>medium</span> <span class='ocrx_word' id='word_1_84' title='bbox 650 957 797 1009; x_wconf 87' lang='lat' dir='ltr'>Aprilis</span> <span class='ocrx_word' id='word_1_85' title='bbox 829 969 928 997; x_wconf 85' lang='lat' dir='ltr'>vero</span> <span class='ocrx_word' id='word_1_86' title='bbox 964 957 1042 1008; x_wconf 86' lang='lat' dir='ltr'>jam</span> <span class='ocrx_word' id='word_1_87' title='bbox 1075 958 1231 998; x_wconf 84' lang='lat' dir='ltr'>adultos</span> <span class='ocrx_word' id='word_1_88' title='bbox 1263 958 1420 1008; x_wconf 86' lang='lat' dir='ltr'>pullos,</span> <span class='ocrx_word' id='word_1_89' title='bbox 1458 957 1618 997; x_wconf 86' lang='lat' dir='ltr'>dimidia</span> <span class='ocrx_word' id='word_1_90' title='bbox 1640 968 1721 997; x_wconf 84' lang='lat' dir='ltr'>ma-</span> 
     </span>
     <span class='ocr_line' id='line_1_12' title="bbox 180 1025 1720 1081; baseline -0.001 -11"><span class='ocrx_word' id='word_1_91' title='bbox 180 1040 282 1070; x_wconf 87' lang='lat' dir='ltr'>trum</span> <span class='ocrx_word' id='word_1_92' title='bbox 312 1030 420 1069; x_wconf 88' lang='lat' dir='ltr'>mole</span> <span class='ocrx_word' id='word_1_93' title='bbox 458 1037 671 1081; x_wconf 83' lang='lat' dir='ltr'>vagantes,</span> <span class='ocrx_word' id='word_1_94' title='bbox 708 1026 821 1067; x_wconf 79' lang='lat' dir='ltr'>simul</span> <span class='ocrx_word' id='word_1_95' title='bbox 854 1029 944 1067; x_wconf 83' lang='lat' dir='ltr'>alias</span> <span class='ocrx_word' id='word_1_96' title='bbox 981 1037 1124 1068; x_wconf 86' lang='lat' dir='ltr'>matres</span> <span class='ocrx_word' id='word_1_97' title='bbox 1156 1029 1334 1080; x_wconf 81' lang='lat' dir='ltr'>gravidas</span> <span class='ocrx_word' id='word_1_98' title='bbox 1370 1026 1544 1067; x_wconf 86' lang='lat' dir='ltr'>foetubus</span> <span class='ocrx_word' id='word_1_99' title='bbox 1569 1028 1639 1067; x_wconf 82' lang='lat' dir='ltr'>vix</span> <span class='ocrx_word' id='word_1_100' title='bbox 1662 1025 1720 1068; x_wconf 83' lang='lat' dir='ltr'>fa-</span> 
     </span>
     <span class='ocr_line' id='line_1_13' title="bbox 180 1097 1722 1152; baseline -0.001 -12"><span class='ocrx_word' id='word_1_101' title='bbox 180 1101 271 1141; x_wconf 89' lang='lat' dir='ltr'>bam</span> <span class='ocrx_word' id='word_1_102' title='bbox 300 1100 544 1152; x_wconf 83' lang='lat' dir='ltr'>aequantibus</span> <span class='ocrx_word' id='word_1_103' title='bbox 578 1098 886 1139; x_wconf 77' lang='lat' dir='ltr'>observaverim.</span> <span class='ocrx_word' id='word_1_104' title='bbox 970 1097 1094 1139; x_wconf 87' lang='lat' dir='ltr'>Unde</span> <span class='ocrx_word' id='word_1_105' title='bbox 1129 1099 1198 1137; x_wconf 82' lang='lat' dir='ltr'>vel</span> <span class='ocrx_word' id='word_1_106' title='bbox 1233 1099 1322 1150; x_wconf 87' lang='lat' dir='ltr'>plus</span> <span class='ocrx_word' id='word_1_107' title='bbox 1356 1097 1520 1150; x_wconf 79' lang='lat' dir='ltr'>simplici</span> <span class='ocrx_word' id='word_1_108' title='bbox 1554 1099 1646 1138; x_wconf 80' lang='lat' dir='ltr'>vice</span> <span class='ocrx_word' id='word_1_109' title='bbox 1680 1099 1722 1139; x_wconf 88' lang='lat' dir='ltr'>in</span> 
     </span>
     <span class='ocr_line' id='line_1_14' title="bbox 182 1167 1720 1222; baseline -0.001 -12"><span class='ocrx_word' id='word_1_110' title='bbox 182 1184 287 1211; x_wconf 80' lang='lat' dir='ltr'>anno</span> <span class='ocrx_word' id='word_1_111' title='bbox 327 1183 489 1222; x_wconf 78' lang='lat' dir='ltr'>parere,</span> <span class='ocrx_word' id='word_1_112' title='bbox 526 1171 595 1209; x_wconf 80' lang='lat' dir='ltr'>vel</span> <span class='ocrx_word' id='word_1_113' title='bbox 631 1182 714 1209; x_wconf 89' lang='lat' dir='ltr'>non</span> <span class='ocrx_word' id='word_1_114' title='bbox 749 1181 889 1209; x_wconf 89' lang='lat' dir='ltr'>omnes</span> <span class='ocrx_word' id='word_1_115' title='bbox 925 1169 1072 1209; x_wconf 87' lang='lat' dir='ltr'>eodem</span> <span class='ocrx_word' id='word_1_116' title='bbox 1107 1178 1289 1220; x_wconf 85' lang='lat' dir='ltr'>tempore</span> <span class='ocrx_word' id='word_1_117' title='bbox 1325 1167 1436 1209; x_wconf 83' lang='lat' dir='ltr'>oestro</span> <span class='ocrx_word' id='word_1_118' title='bbox 1474 1170 1615 1221; x_wconf 76' lang='lat' dir='ltr'>perciti</span> <span class='ocrx_word' id='word_1_119' title='bbox 1654 1181 1720 1220; x_wconf 85' lang='lat' dir='ltr'>ap-</span> 
     </span>
     <span class='ocr_line' id='line_1_15' title="bbox 181 1239 1720 1294; baseline -0.002 -12"><span class='ocrx_word' id='word_1_120' title='bbox 181 1253 314 1294; x_wconf 86' lang='lat' dir='ltr'>paret;</span> <span class='ocrx_word' id='word_1_121' title='bbox 353 1244 390 1281; x_wconf 80' lang='lat'>&amp;</span> <span class='ocrx_word' id='word_1_122' title='bbox 423 1241 527 1282; x_wconf 82' lang='lat' dir='ltr'>forte</span> <span class='ocrx_word' id='word_1_123' title='bbox 567 1242 757 1281; x_wconf 82' lang='lat' dir='ltr'>anniculae</span> <span class='ocrx_word' id='word_1_124' title='bbox 791 1242 936 1281; x_wconf 81' lang='lat' dir='ltr'>tardius</span> <span class='ocrx_word' id='word_1_125' title='bbox 968 1242 1207 1280; x_wconf 79' lang='lat' dir='ltr'>maritantur.</span> <span class='ocrx_word' id='word_1_126' title='bbox 1306 1239 1465 1280; x_wconf 81' lang='lat' dir='ltr'>Pariunt</span> <span class='ocrx_word' id='word_1_127' title='bbox 1496 1240 1537 1279; x_wconf 89' lang='lat' dir='ltr'>in</span> <span class='ocrx_word' id='word_1_128' title='bbox 1571 1251 1720 1292; x_wconf 82' lang='lat' dir='ltr'>genere</span> 
     </span>
     <span class='ocr_line' id='line_1_16' title="bbox 181 1310 1722 1362; baseline 0 -10"><span class='ocrx_word' id='word_1_129' title='bbox 181 1313 312 1354; x_wconf 87' lang='lat' dir='ltr'>nudos</span> <span class='ocrx_word' id='word_1_130' title='bbox 346 1312 383 1352; x_wconf 70' lang='grc' dir='ltr'>δε</span> <span class='ocrx_word' id='word_1_131' title='bbox 418 1324 549 1352; x_wconf 80' lang='lat' dir='ltr'>coecos</span> <span class='ocrx_word' id='word_1_132' title='bbox 574 1313 728 1362; x_wconf 88' lang='lat' dir='ltr'>pullos,</span> <span class='ocrx_word' id='word_1_133' title='bbox 766 1311 851 1352; x_wconf 81' lang='lat' dir='ltr'>satis</span> <span class='ocrx_word' id='word_1_134' title='bbox 879 1312 1092 1361; x_wconf 83' lang='lat' dir='ltr'>informes,</span> <span class='ocrx_word' id='word_1_135' title='bbox 1131 1311 1283 1351; x_wconf 85' lang='lat' dir='ltr'>albidos</span> <span class='ocrx_word' id='word_1_136' title='bbox 1310 1310 1348 1350; x_wconf 83' lang='lat'>&amp;</span> <span class='ocrx_word' id='word_1_137' title='bbox 1380 1323 1451 1361; x_wconf 80' lang='lat' dir='ltr'>pro</span> <span class='ocrx_word' id='word_1_138' title='bbox 1482 1312 1610 1350; x_wconf 77' lang='lat' dir='ltr'>matris</span> <span class='ocrx_word' id='word_1_139' title='bbox 1638 1324 1722 1352; x_wconf 90' lang='lat' dir='ltr'>mo-</span> 
     </span>
     <span class='ocr_line' id='line_1_17' title="bbox 181 1380 1722 1437; baseline -0.001 -14"><span class='ocrx_word' id='word_1_140' title='bbox 181 1385 221 1424; x_wconf 90' lang='lat' dir='ltr'>le</span> <span class='ocrx_word' id='word_1_141' title='bbox 247 1384 437 1437; x_wconf 79' lang='lat' dir='ltr'>grandes,</span> <span class='ocrx_word' id='word_1_142' title='bbox 486 1384 637 1431; x_wconf 82' lang='lat' dir='ltr'>trinos,</span> <span class='ocrx_word' id='word_1_143' title='bbox 693 1393 906 1434; x_wconf 81' lang='lat' dir='ltr'>quaternos</span> <span class='ocrx_word' id='word_1_144' title='bbox 953 1382 991 1422; x_wconf 85' lang='lat'>&amp;</span> <span class='ocrx_word' id='word_1_145' title='bbox 1036 1382 1084 1421; x_wconf 89' lang='lat' dir='ltr'>ad</span> <span class='ocrx_word' id='word_1_146' title='bbox 1128 1382 1276 1431; x_wconf 85' lang='lat' dir='ltr'>senos,</span> <span class='ocrx_word' id='word_1_147' title='bbox 1321 1383 1401 1420; x_wconf 90' lang='lat' dir='ltr'>imo</span> <span class='ocrx_word' id='word_1_148' title='bbox 1447 1380 1616 1421; x_wconf 68' lang='lat' dir='ltr'>ostonos</span> <span class='ocrx_word' id='word_1_149' title='bbox 1663 1381 1722 1422; x_wconf 85' lang='lat' dir='ltr'>us-</span> 
     </span>
     <span class='ocr_line' id='line_1_18' title="bbox 183 1451 1721 1509; baseline -0.001 -15"><span class='ocrx_word' id='word_1_150' title='bbox 183 1467 346 1509; x_wconf 44' lang='lat' dir='ltr'>que-1</span> <span class='ocrx_word' id='word_1_151' title='bbox 415 1454 460 1494; x_wconf 90' lang='lat' dir='ltr'>In</span> <span class='ocrx_word' id='word_1_152' title='bbox 497 1465 716 1506; x_wconf 79' lang='lat' dir='ltr'>praemagna</span> <span class='ocrx_word' id='word_1_153' title='bbox 753 1451 888 1493; x_wconf 86' lang='lat' dir='ltr'>Citillo</span> <span class='ocrx_word' id='word_1_154' title='bbox 937 1453 984 1492; x_wconf 84' lang='lat' dir='ltr'>ad</span> <span class='ocrx_word' id='word_1_155' title='bbox 1028 1452 1245 1492; x_wconf 81' lang='lat' dir='ltr'>Saratschik</span> <span class='ocrx_word' id='word_1_156' title='bbox 1291 1453 1418 1504; x_wconf 88' lang='lat' dir='ltr'>primo</span> <span class='ocrx_word' id='word_1_157' title='bbox 1464 1464 1561 1492; x_wconf 75' lang='lat' dir='ltr'>vere</span> <span class='ocrx_word' id='word_1_158' title='bbox 1607 1463 1721 1504; x_wconf 81' lang='lat' dir='ltr'>capta</span> 
     </span>
     <span class='ocr_line' id='line_1_19' title="bbox 182 1521 1722 1578; baseline -0.001 -14"><span class='ocrx_word' id='word_1_159' title='bbox 182 1525 399 1578; x_wconf 81' lang='lat' dir='ltr'>(giganteae</span> <span class='ocrx_word' id='word_1_160' title='bbox 442 1521 674 1574; x_wconf 77' lang='lat' dir='ltr'>varietatis)</span> <span class='ocrx_word' id='word_1_161' title='bbox 724 1524 963 1574; x_wconf 74' lang='lat' dir='ltr'>embryones</span> <span class='ocrx_word' id='word_1_162' title='bbox 1009 1536 1081 1575; x_wconf 88' lang='lat' dir='ltr'>per</span> <span class='ocrx_word' id='word_1_163' title='bbox 1126 1533 1336 1574; x_wconf 87' lang='lat' dir='ltr'>utrumque</span> <span class='ocrx_word' id='word_1_164' title='bbox 1382 1535 1508 1563; x_wconf 88' lang='lat' dir='ltr'>cornu</span> <span class='ocrx_word' id='word_1_165' title='bbox 1552 1524 1722 1563; x_wconf 83' lang='lat' dir='ltr'>matricis</span> 
     </span>
     <span class='ocr_line' id='line_1_20' title="bbox 183 1592 1722 1646; baseline -0.002 -10"><span class='ocrx_word' id='word_1_166' title='bbox 183 1594 372 1637; x_wconf 85' lang='lat' dir='ltr'>distributi</span> <span class='ocrx_word' id='word_1_167' title='bbox 408 1595 531 1646; x_wconf 84' lang='lat' dir='ltr'>usque</span> <span class='ocrx_word' id='word_1_168' title='bbox 571 1595 619 1634; x_wconf 84' lang='lat' dir='ltr'>ad</span> <span class='ocrx_word' id='word_1_169' title='bbox 654 1606 723 1632; x_wconf 66' lang='grc' dir='ltr'>ΧΠ.</span> <span class='ocrx_word' id='word_1_170' title='bbox 761 1595 915 1634; x_wconf 79' lang='lat' dir='ltr'>inventi</span> <span class='ocrx_word' id='word_1_171' title='bbox 952 1593 1058 1643; x_wconf 88' lang='lat' dir='ltr'>sunt,</span> <span class='ocrx_word' id='word_1_172' title='bbox 1095 1596 1204 1633; x_wconf 87' lang='lat' dir='ltr'>mole</span> <span class='ocrx_word' id='word_1_173' title='bbox 1238 1594 1315 1645; x_wconf 81' lang='lat' dir='ltr'>jam</span> <span class='ocrx_word' id='word_1_174' title='bbox 1336 1592 1499 1633; x_wconf 84' lang='lat' dir='ltr'>Murem</span> <span class='ocrx_word' id='word_1_175' title='bbox 1536 1593 1722 1634; x_wconf 88' lang='lat' dir='ltr'>domesti-</span> 
     </span>
     <span class='ocr_line' id='line_1_21' title="bbox 184 1663 1722 1717; baseline -0.001 -11"><span class='ocrx_word' id='word_1_176' title='bbox 184 1679 274 1707; x_wconf 90' lang='lat' dir='ltr'>cum</span> <span class='ocrx_word' id='word_1_177' title='bbox 312 1674 533 1717; x_wconf 74' lang='lat' dir='ltr'>aequantes,</span> <span class='ocrx_word' id='word_1_178' title='bbox 570 1666 666 1705; x_wconf 89' lang='lat' dir='ltr'>licet</span> <span class='ocrx_word' id='word_1_179' title='bbox 704 1665 833 1705; x_wconf 81' lang='lat' dir='ltr'>adhuc</span> <span class='ocrx_word' id='word_1_180' title='bbox 871 1666 988 1705; x_wconf 83' lang='lat' dir='ltr'>valde</span> <span class='ocrx_word' id='word_1_181' title='bbox 1026 1666 1221 1704; x_wconf 86' lang='lat' dir='ltr'>immaturi</span> <span class='ocrx_word' id='word_1_182' title='bbox 1257 1663 1510 1711; x_wconf 85' lang='lat' dir='ltr'>viderentur;</span> <span class='ocrx_word' id='word_1_183' title='bbox 1547 1664 1659 1705; x_wconf 88' lang='lat' dir='ltr'>fimul</span> <span class='ocrx_word' id='word_1_184' title='bbox 1680 1665 1722 1705; x_wconf 87' lang='lat' dir='ltr'>in</span> 
     </span>
     <span class='ocr_line' id='line_1_22' title="bbox 182 1734 1721 1788; baseline -0.001 -11"><span class='ocrx_word' id='word_1_185' title='bbox 182 1737 344 1785; x_wconf 84' lang='lat' dir='ltr'>mediis,</span> <span class='ocrx_word' id='word_1_186' title='bbox 381 1738 483 1776; x_wconf 87' lang='lat' dir='ltr'>inter</span> <span class='ocrx_word' id='word_1_187' title='bbox 519 1734 788 1788; x_wconf 63' lang='lat' dir='ltr'>perfectorum</span> <span class='ocrx_word' id='word_1_188' title='bbox 826 1736 1089 1787; x_wconf 72' lang='lat' dir='ltr'>embryonum</span> <span class='ocrx_word' id='word_1_189' title='bbox 1127 1736 1340 1784; x_wconf 80' lang='lat' dir='ltr'>utriculos,</span> <span class='ocrx_word' id='word_1_190' title='bbox 1378 1736 1594 1776; x_wconf 80' lang='lat' dir='ltr'>intervallis</span> <span class='ocrx_word' id='word_1_191' title='bbox 1627 1748 1721 1786; x_wconf 88' lang='lat' dir='ltr'>qua-</span> 
     </span>
     <span class='ocr_line' id='line_1_23' title="bbox 183 1805 1721 1859; baseline -0.002 -10"><span class='ocrx_word' id='word_1_192' title='bbox 183 1819 274 1850; x_wconf 88' lang='lat' dir='ltr'>tuor</span> <span class='ocrx_word' id='word_1_193' title='bbox 310 1806 472 1847; x_wconf 80' lang='lat' dir='ltr'>aderant</span> <span class='ocrx_word' id='word_1_194' title='bbox 509 1807 750 1856; x_wconf 83' lang='lat' dir='ltr'>embryones</span> <span class='ocrx_word' id='word_1_195' title='bbox 788 1805 895 1857; x_wconf 80' lang='lat' dir='ltr'>quasl</span> <span class='ocrx_word' id='word_1_196' title='bbox 932 1807 1140 1855; x_wconf 81' lang='lat' dir='ltr'>emarcidi,</span> <span class='ocrx_word' id='word_1_197' title='bbox 1177 1807 1246 1846; x_wconf 78' lang='lat' dir='ltr'>vix</span> <span class='ocrx_word' id='word_1_198' title='bbox 1274 1807 1417 1859; x_wconf 63' lang='lat' dir='ltr'>{poll</span> <span class='ocrx_word' id='word_1_199' title='bbox 1454 1807 1721 1858; x_wconf 87' lang='lat' dir='ltr'>longitudine,</span> 
     </span>
     <span class='ocr_line' id='line_1_24' title="bbox 182 1875 1721 1931; baseline -0.001 -12"><span class='ocrx_word' id='word_1_200' title='bbox 182 1880 321 1931; x_wconf 86' lang='lat' dir='ltr'>utique</span> <span class='ocrx_word' id='word_1_201' title='bbox 359 1890 442 1918; x_wconf 92' lang='lat' dir='ltr'>non</span> <span class='ocrx_word' id='word_1_202' title='bbox 479 1876 803 1928; x_wconf 84' lang='lat' dir='ltr'>superfoetatione</span> <span class='ocrx_word' id='word_1_203' title='bbox 840 1888 982 1925; x_wconf 87' lang='lat' dir='ltr'>natos,</span> <span class='ocrx_word' id='word_1_204' title='bbox 1036 1877 1104 1917; x_wconf 91' lang='lat' dir='ltr'>sed</span> <span class='ocrx_word' id='word_1_205' title='bbox 1148 1876 1343 1925; x_wconf 63' lang='lat' dir='ltr'>subtracto</span> <span class='ocrx_word' id='word_1_206' title='bbox 1386 1875 1492 1918; x_wconf 87' lang='lat' dir='ltr'>forte</span> <span class='ocrx_word' id='word_1_207' title='bbox 1530 1878 1721 1918; x_wconf 87' lang='lat' dir='ltr'>alimento</span> 
     </span>
     <span class='ocr_line' id='line_1_25' title="bbox 185 1945 1722 2000; baseline -0.002 -9"><span class='ocrx_word' id='word_1_208' title='bbox 185 1951 222 1991; x_wconf 83' lang='lat'>&amp;</span> <span class='ocrx_word' id='word_1_209' title='bbox 259 1962 280 1989; x_wconf 85' lang='lat' dir='ltr'><strong>a</strong></span> <span class='ocrx_word' id='word_1_210' title='bbox 316 1948 526 2000; x_wconf 85' lang='lat' dir='ltr'>majoribus</span> <span class='ocrx_word' id='word_1_211' title='bbox 563 1947 669 2000; x_wconf 76' lang='lat' dir='ltr'>quasi</span> <span class='ocrx_word' id='word_1_212' title='bbox 707 1947 821 1987; x_wconf 87' lang='lat' dir='ltr'>elisos</span> <span class='ocrx_word' id='word_1_213' title='bbox 859 1959 903 1986; x_wconf 87' lang='lat' dir='ltr'>ac</span> <span class='ocrx_word' id='word_1_214' title='bbox 941 1945 1175 2000; x_wconf 83' lang='lat' dir='ltr'>suppreffos.</span> <span class='ocrx_word' id='word_1_215' title='bbox 1248 1948 1314 1988; x_wconf 85' lang='lat' dir='ltr'>An</span> <span class='ocrx_word' id='word_1_216' title='bbox 1352 1947 1580 1999; x_wconf 87' lang='lat' dir='ltr'>hujusmodi</span> <span class='ocrx_word' id='word_1_217' title='bbox 1617 1949 1722 1989; x_wconf 84' lang='lat' dir='ltr'>male</span> 
     </span>
     <span class='ocr_line' id='line_1_26' title="bbox 185 2017 1722 2071; baseline -0.003 -8"><span class='ocrx_word' id='word_1_218' title='bbox 185 2022 337 2063; x_wconf 87' lang='lat' dir='ltr'>nutritis</span> <span class='ocrx_word' id='word_1_219' title='bbox 380 2019 569 2071; x_wconf 89' lang='lat' dir='ltr'>partubus</span> <span class='ocrx_word' id='word_1_220' title='bbox 614 2017 720 2059; x_wconf 85' lang='lat' dir='ltr'>forte</span> <span class='ocrx_word' id='word_1_221' title='bbox 768 2017 960 2058; x_wconf 80' lang='lat' dir='ltr'>debeatur</span> <span class='ocrx_word' id='word_1_222' title='bbox 1002 2030 1175 2070; x_wconf 72' lang='lat' dir='ltr'>pygmea</span> <span class='ocrx_word' id='word_1_223' title='bbox 1210 2018 1434 2059; x_wconf 88' lang='lat' dir='ltr'>Citillorum</span> <span class='ocrx_word' id='word_1_224' title='bbox 1478 2020 1645 2059; x_wconf 86' lang='lat' dir='ltr'>varietas</span> <span class='ocrx_word' id='word_1_225' title='bbox 1680 2021 1722 2059; x_wconf 89' lang='lat' dir='ltr'>in</span> 
     </span>
     <span class='ocr_line' id='line_1_27' title="bbox 184 2088 1722 2144; baseline -0.001 -12"><span class='ocrx_word' id='word_1_226' title='bbox 184 2093 345 2142; x_wconf 85' lang='lat' dir='ltr'>iisdem,</span> <span class='ocrx_word' id='word_1_227' title='bbox 382 2091 467 2138; x_wconf 71' lang='lat' dir='ltr'>ubi,</span> <span class='ocrx_word' id='word_1_228' title='bbox 488 2091 670 2144; x_wconf 81' lang='lat' dir='ltr'>gigantea</span> <span class='ocrx_word' id='word_1_229' title='bbox 705 2089 830 2138; x_wconf 83' lang='lat' dir='ltr'>vivit,</span> <span class='ocrx_word' id='word_1_230' title='bbox 866 2089 965 2129; x_wconf 87' lang='lat' dir='ltr'>locis</span> <span class='ocrx_word' id='word_1_231' title='bbox 1002 2088 1200 2130; x_wconf 85' lang='lat' dir='ltr'>interdum</span> <span class='ocrx_word' id='word_1_232' title='bbox 1237 2090 1523 2140; x_wconf 85' lang='lat' dir='ltr'>observabilis,</span> <span class='ocrx_word' id='word_1_233' title='bbox 1574 2091 1615 2129; x_wconf 89' lang='lat' dir='ltr'>in</span> <span class='ocrx_word' id='word_1_234' title='bbox 1647 2089 1722 2130; x_wconf 88' lang='lat' dir='ltr'>sus-</span> 
     </span>
     <span class='ocr_line' id='line_1_28' title="bbox 186 2159 1722 2214; baseline -0.001 -12"><span class='ocrx_word' id='word_1_235' title='bbox 186 2163 309 2214; x_wconf 89' lang='lat' dir='ltr'>penso</span> <span class='ocrx_word' id='word_1_236' title='bbox 347 2163 543 2213; x_wconf 89' lang='lat' dir='ltr'>relinquo.</span> <span class='ocrx_word' id='word_1_237' title='bbox 635 2159 734 2201; x_wconf 83' lang='lat' dir='ltr'>Satis</span> <span class='ocrx_word' id='word_1_238' title='bbox 778 2170 911 2200; x_wconf 87' lang='lat' dir='ltr'>tamen</span> <span class='ocrx_word' id='word_1_239' title='bbox 945 2159 1170 2201; x_wconf 73' lang='lat' dir='ltr'>verosimile</span> <span class='ocrx_word' id='word_1_240' title='bbox 1209 2159 1266 2201; x_wconf 87' lang='lat' dir='ltr'>est</span> <span class='ocrx_word' id='word_1_241' title='bbox 1301 2162 1513 2202; x_wconf 81' lang='lat' dir='ltr'>varietates</span> <span class='ocrx_word' id='word_1_242' title='bbox 1550 2161 1722 2201; x_wconf 84' lang='lat' dir='ltr'>animali-</span> 
     </span>
     <span class='ocr_line' id='line_1_29' title="bbox 187 2230 1720 2285; baseline 0 -12"><span class='ocrx_word' id='word_1_243' title='bbox 187 2246 253 2273; x_wconf 88' lang='lat' dir='ltr'>um</span> <span class='ocrx_word' id='word_1_244' title='bbox 291 2242 406 2283; x_wconf 83' lang='lat' dir='ltr'>atque</span> <span class='ocrx_word' id='word_1_245' title='bbox 445 2233 599 2282; x_wconf 80' lang='lat' dir='ltr'>avium,</span> <span class='ocrx_word' id='word_1_246' title='bbox 637 2232 676 2271; x_wconf 91' lang='lat' dir='ltr'>in</span> <span class='ocrx_word' id='word_1_247' title='bbox 714 2230 947 2284; x_wconf 84' lang='lat' dir='ltr'>quibusdam</span> <span class='ocrx_word' id='word_1_248' title='bbox 983 2231 1192 2283; x_wconf 85' lang='lat' dir='ltr'>praesertim</span> <span class='ocrx_word' id='word_1_249' title='bbox 1234 2232 1444 2285; x_wconf 91' lang='lat' dir='ltr'>speciebus</span> <span class='ocrx_word' id='word_1_250' title='bbox 1481 2232 1720 2282; x_wconf 86' lang='lat' dir='ltr'>crebriores,</span> 
     </span>
     <span class='ocr_line' id='line_1_30' title="bbox 186 2301 1721 2357; baseline 0.001 -14"><span class='ocrx_word' id='word_1_251' title='bbox 186 2304 290 2343; x_wconf 79' lang='lat' dir='ltr'>male</span> <span class='ocrx_word' id='word_1_252' title='bbox 325 2303 477 2342; x_wconf 83' lang='lat' dir='ltr'>nutritis</span> <span class='ocrx_word' id='word_1_253' title='bbox 512 2303 722 2355; x_wconf 88' lang='lat' dir='ltr'>partubus,</span> <span class='ocrx_word' id='word_1_254' title='bbox 760 2315 871 2357; x_wconf 84' lang='lat' dir='ltr'>aeque</span> <span class='ocrx_word' id='word_1_255' title='bbox 909 2314 954 2344; x_wconf 84' lang='lat' dir='ltr'>ac</span> <span class='ocrx_word' id='word_1_256' title='bbox 978 2301 1127 2344; x_wconf 76' lang='lat' dir='ltr'>Nanos</span> <span class='ocrx_word' id='word_1_257' title='bbox 1159 2303 1411 2356; x_wconf 77' lang='lat' dir='ltr'>pulchellus,</span> <span class='ocrx_word' id='word_1_258' title='bbox 1447 2315 1550 2355; x_wconf 83' lang='lat' dir='ltr'>quos</span> <span class='ocrx_word' id='word_1_259' title='bbox 1585 2303 1721 2345; x_wconf 84' lang='lat' dir='ltr'>huma-</span> 
     </span>
    </p>
   </div>
  </div>
 </body>
</html>
