1948 2630
150 123 153 126 ’
185 141 237 179 σο
720 137 877 175 tsrvs
929 133 1189 172 odoi-omi.

190 230 284 284 ista,
321 233 439 274 etiam
458 232 498 272 in
515 230 777 284 proportione
796 238 838 272 et
856 227 984 271 forma
1000 230 1171 283 partium
1187 216 1454 271 charaaerum
1470 224 1728 271 minutionim

190 302 298 344 haud
316 314 473 356 parum,
510 300 682 343 instituta
698 302 996 353 comparatione
1015 300 1209 351 occurrit,
1246 299 1389 352 quibus
1405 313 1518 353 aeque
1530 330 1543 351 ,
1580 313 1626 341 ac
1641 301 1728 341 vel-

189 376 282 415 leris
299 371 566 414 teneritudine
584 374 703 425 atque
723 373 883 421 colore,
920 383 941 411 a
957 370 1004 411 L.
1021 370 1165 423 pusillo
1182 366 1361 413 funditus
1378 371 1644 427 distinguitun
1682 370 1730 410 ab

187 446 323 497 alpino
344 453 477 484 auteni
497 452 580 484 tota
598 441 700 484 facie
717 443 793 492 ita,
830 450 875 484 ut
893 441 975 495 ipse
990 441 1039 482 L.
1058 441 1242 493 pusillus,
1279 440 1484 495 discrepat.

299 531 474 597 Lepus,
520 536 586 578 cui
612 535 899 591 Mongolicum
926 547 1100 585 nomen,
1146 526 1359 595 Ogotbna
1376 531 1442 587 ’>,
1488 545 1562 587 pro
1587 531 1730 573 triviali

187 609 393 660 relinquo,
430 607 584 660 prorsus
601 601 727 652 nulla
745 606 891 647 Sibiriae
908 607 948 647 in
967 607 1133 659 regione
1152 606 1345 655 occurrit,
1382 616 1501 657 quam
1518 605 1558 645 in
1574 611 1732 644 monto-

187 678 238 720 sis
267 680 367 720 ultra
388 677 595 718 Bai'kalem
621 676 797 728 Lacum,
842 677 910 718 ubi
938 676 1214 730 vulgatilliinus
1244 675 1323 725 est,
1369 685 1489 727 atque
1514 686 1587 726 per
1611 685 1731 714 omne

189 747 484 802 Mongolorum
503 748 721 797 desertum,
748 749 917 788 maxime
937 749 976 787 in
997 746 1202 787 Gobe'e'nsi
1221 746 1274 786 sic
1300 745 1406 787 dicio
1432 757 1590 794 eremo,
1618 755 1731 795 aeque

188 818 381 871 frequens
399 816 478 859 effe
498 819 651 860 dicitur.
723 817 1063 871 Exoptatiffimum
1081 818 1350 857 habitaculum
1374 816 1552 868 praebent
1573 823 1733 855 montes

190 889 387 943 rupestres
415 889 463 930 ad
491 889 725 942 Selengam,
777 887 1035 939 Tscliikojum
1062 897 1103 928 et
1128 887 1330 928 Dshidam
1357 887 1506 938 crebri,
1558 886 1626 938 qui
1652 883 1733 924 basi

191 960 376 1009 arenosa,
413 971 465 1000 ex
488 958 695 1000 fatiscente
714 958 806 999 saxo
825 959 1063 1007 derivanda,
1102 957 1297 999 diffluunt.
1368 956 1501 998 Iri-his
1523 956 1666 1009 pariter
1692 963 1735 995 et

190 1031 463 1080 convallibus,
501 1029 670 1081 ipsisque
691 1028 822 1077 insulis
839 1027 1018 1082 Selengoe
1037 1027 1077 1067 fl.
1115 1027 1287 1068 arenosis
1305 1036 1412 1068 tanta
1432 1028 1578 1067 vivunt
1594 1026 1734 1077 copia,

192 1111 237 1142 ut
260 1102 328 1141 viz
354 1100 467 1140 ullibi
487 1108 595 1140 antra
617 1099 941 1139 animalculorum
965 1097 1252 1149 frequentiora-
1267 1096 1449 1137 viderim.
1522 1095 1661 1136 Rarius
1687 1093 1737 1135 ad

192 1171 406 1220 Omnem,
451 1170 638 1211 similibus
664 1171 761 1211 licet
784 1170 907 1216 locis,
955 1168 1226 1209 observantur.
1315 1166 1362 1208 In
1386 1165 1624 1220 rupestribus
1650 1165 1733 1217 pas-

191 1242 263 1285 sini
277 1243 381 1281 inter
398 1240 573 1294 lapidum
593 1251 759 1281 acervos
776 1238 1035 1287 delitescunt,
1073 1246 1111 1278 at
1129 1237 1390 1278 lubentissime
1406 1239 1447 1277 in
1462 1236 1548 1278 solo
1567 1235 1732 1277 arenoso

193 1313 483 1353 cuniculantur.
558 1304 718 1356 Antra
734 1311 884 1362 duplici
901 1309 970 1349 vel
990 1309 1131 1361 tiiplici
1151 1309 1314 1347 introitu
1339 1316 1454 1348 extus
1475 1313 1635 1359 patent,
1672 1317 1735 1346 ca·

193 1384 348 1425 nalibus
364 1382 528 1433 oblique
544 1380 872 1422 concurrentibus
890 1379 938 1419 ad
955 1378 1092 1419 nidum
1112 1379 1285 1431 gramine
1306 1377 1420 1418 molli
1435 1376 1593 1417 stratum
1614 1385 1733 1427 atque

194 1452 304 1495 haud
325 1451 527 1504 profunde
552 1451 736 1502 positum.
822 1449 994 1490 Femina:
1021 1447 1248 1489 annosiores
1271 1450 1497 1500 complures
1521 1448 1561 1487 in
1588 1446 1736 1486 vicinia

194 1525 405 1566 cuniculos
428 1532 584 1574 paratos
617 1522 791 1570 habere,
845 1531 887 1560 et
913 1531 965 1559 ex
993 1531 1075 1560 uno
1107 1520 1149 1559 in
1178 1520 1344 1559 alterum
1374 1518 1591 1558 securitatis
1618 1517 1736 1571 gratia

195 1594 440 1647 transfugere
460 1592 728 1632 observantur.
804 1590 898 1630 Vidi
916 1589 1015 1641 sR'pC
1035 1591 1135 1629 intra
1151 1601 1315 1641 parvum
1333 1590 1539 1629 circuitum
1555 1588 1735 1638 complu-

197 1678 260 1706 res
291 1663 519 1714 hujusmodi
547 1664 753 1702 cuniculos
787 1659 1011 1707 ἀίίὶίηᾶοε,
1065 1660 1168 1699 inter
1197 1671 1366 1710 quorum
1402 1657 1498 1698 ostia
1531 1656 1735 1708 conspicui

197 1745 310 1777 erant
326 1735 519 1782 tramites,
556 1733 604 1771 ab
621 1731 842 1772 animalculi
863 1729 1033 1770 discursu
1050 1728 1164 1774 fasti3
1202 1731 1242 1769 in
1261 1729 1444 1769 omnibus
1463 1736 1650 1768 recenter
1669 1738 1736 1766 ex-

199 1815 400 1859 purgatam
427 1814 591 1850 teri-am,
629 1812 670 1842 ct
697 1803 736 1841 in
766 1801 949 1841 omnibus
994 1798 1228 1852 (praesertim
1255 1797 1379 1850 vere)
1425 1795 1613 1850 congesta
1638 1795 1737 1836 folia

200 1877 401 1917 invenias:
438 1872 546 1914 unde
571 1872 795 1912 difficillime
825 1869 1068 1923 distinguitur
1093 1870 1146 1919 is,
1184 1871 1225 1909 in
1252 1881 1334 1920 quo
1359 1868 1500 1909 animal
1515 1877 1613 1907 vere
1640 1865 1737 1907 deli-

201 1945 337 1995 tescit,
373 1946 585 1998 pluresque
613 1942 713 1994 saepe
738 1939 874 1981 frustra
901 1940 1106 1981 fodiuntur
1133 1951 1155 1978 a
1181 1939 1459 1992 quaerentibus.
1541 1935 1738 1977 Caeterum

243 2069 272 2107 ·“)
298 2066 381 2100 Ruffi
408 2067 440 2099 in
460 2064 713 2098 transba'i'kaleusi
737 2064 866 2106 regione
892 2073 946 2094 no·
997 2062 1165 2102 „breviore
1179 2083 1231 2090 -
1257 2060 1430 2093 Ochodona
1446 2059 1620 2102 mungnlioe
1639 2066 1740 2090 uts-

205 2128 278 2151 men
297 2119 379 2150 aliud
395 2117 555 2154 nesciunt,
574 2126 665 2157 quun
678 2115 842 2147 Kane-noi·
857 2113 946 2151 lime,
997 2122 1044 2150 „s
1056 2123 1078 2143 ι
1089 2122 1136 2143 κς
1147 2122 1235 2144 cim
1246 2123 1292 2144 ιο
1303 2122 1341 2143 11
1358 2134 1377 2148 „
1412 2112 1444 2142 in
1463 2109 1562 2143 ζωαί.
1584 2108 1665 2148 Mus.
1684 2108 1739 2145 P«-

206 2169 289 2210 quod
306 2168 433 2201 Rattiim
455 2167 623 2208 rupestrem
646 2165 809 2207 significat.
855 2163 947 2195 “Mu-
998 2163 1108 2204 tropat.
1145 2162 1247 2196 Voti.
1272 2171 1383 2205 2343·
1411 2171 1530 2195 natm.
1564 2159 1627 2193 fine
1643 2158 1737 2196 dubio
1804 2205 1813 2212 ·

206 2219 310 2258 „stela
328 2219 517 2261 magalim,
549 2219 645 2252 cauda
666 2226 791 2256 carens,
817 2223 948 2257 eoi-pore
999 2212 1068 2246 haec
1093 2212 1164 2246 suit.
