1948 2630
160 148 230 182 106
503 138 789 176 ARCTOMYS
811 136 1109 186 MARMQTAE
1134 136 1358 175 AFFmIS.

158 239 291 282 bustam.
362 233 537 280 Pedib'us
570 235 732 290 posticis
768 235 808 276 se
844 235 986 275 crebro
1022 233 1207 284 scabunt,
1245 247 1291 277 os
1322 247 1423 276 vero
1461 234 1609 289 palmis
1627 235 1697 287 deffi-

156 313 335 352 mulcere
367 310 485 349 rarius
516 307 706 348 visuntur.
792 306 1021 347 Dorniiunt·
1042 305 1229 347 sedentes
1263 307 1305 346 in
1341 306 1547 362 clunibus,
1589 318 1697 349 trun-

158 395 209 423 co
241 383 282 421 in
315 380 480 434 globum
527 389 715 428 curvato,
751 376 957 429 rostroque
990 378 1091 417 intra
1122 378 1270 428 palmas
1310 377 1349 417 δε
1382 376 1536 418 femora
1563 378 1691 431 usque

157 453 207 492 ad
240 453 373 492 alvum
407 451 632 491 recondito.
705 448 746 489 Si
778 450 905 490 nullas
937 448 1166 488 invenerint
1199 448 1388 498 latebras,
1425 461 1448 489 e
1482 447 1623 502 stuppa
1655 449 1706 489 &c

156 525 247 564 lana
280 520 478 574 congestis
516 520 654 562 nidum
680 519 943 570 conficiunt,
994 530 1117 570 quem
1154 518 1367 580 aliquando
1412 521 1516 559 circa
1550 519 1693 560 mensae

156 593 332 635 fulcrum
367 591 574 633 artificiose
607 590 839 644 impleetere
880 589 969 630 visae
1003 589 1122 638 sunt,
1173 591 1312 641 quavis
1352 590 1519 644 vespera
1555 591 1693 632 denuo

154 664 377 705 sternentes
415 663 454 703 &
487 663 737 703 adornantes.
809 659 976 711 Noctu,
1012 660 1043 700 fi
1077 660 1217 713 frigida
1251 660 1331 710 cst,
1368 661 1469 713 stupe
1492 663 1533 702 in
1563 660 1692 702 lectos

157 736 411 783 cubantium,
448 746 471 774 a
496 744 596 775 terra
620 735 717 774 licet
741 735 889 781 elatos,
925 744 1070 785 magno
1102 731 1173 772 suo
1206 732 1343 772 labore
1371 732 1617 773 adscendunt
1645 726 1692 785 f)

157 818 203 848 ut
247 808 380 846 calore
412 803 603 845 fruantur.
711 803 797 844 Imo
836 803 916 843 scio
955 805 1190 852 cicuratam,
1242 815 1360 854 quani
1403 803 1586 844 dominus
1620 803 1693 845 sub

154 878 329 920 tentorio
361 874 534 916 aestivare
569 873 731 916 coactus
762 874 897 915 secum
932 874 1129 927 habebat,
1187 873 1313 914 libere
1349 876 1390 914 in
1428 876 1576 926 campis
1613 887 1692 916 am-

154 951 361 990 bulantem
397 947 627 987 cuniculum
658 945 729 985 sibi
764 942 935 997 pai-affe,
971 946 1012 984 in
1052 956 1135 996 quo
1174 944 1347 985 interdiu
1381 957 1455 997 per
1486 937 1694 986 intervalla

154 1021 335 1062 somnum
368 1017 571 1069 capiebat,
614 1015 737 1056 noStu
770 1028 871 1056 vero
907 1016 949 1055 in
983 1015 1155 1054 tentoria
1197 1013 1246 1053 ad
1286 1017 1478 1056 cubantes
1510 1016 1694 1057 homines

154 1090 395 1137 accedebat,
431 1086 604 1140 stragulis
639 1086 721 1127 sese
758 1086 944 1127 inserens.
1051 1084 1206 1125 Eadem
1243 1085 1589 1139 adpropinquante
1628 1100 1694 1128 au-

153 1173 294 1203 tumno
325 1160 521 1211 pelliceos
559 1162 778 1206 centones,
814 1157 997 1208 stuppam
1029 1156 1067 1196 ‹Sz
1096 1154 1267 1196 lanificia
1302 1159 1340 1197 ἃ
1371 1159 1552 1198 tentoriis
1587 1156 1693 1198 fura.

152 1234 288 1280 batur,
324 1230 504 1281 nidoque
539 1230 767 1282 ingerebat;
803 1228 918 1280 quod
949 1227 987 1267 ἃ
1019 1229 1060 1267 in
1095 1226 1279 1268 domibus
1309 1229 1498 1270 viventes
1525 1228 1692 1279 faciunt,

154 1316 242 1355 quae
276 1286 376 1353 seepe
411 1313 495 1341 tota
531 1300 659 1340 {estate
694 1311 828 1352 vagae,
880 1311 966 1338 non
1016 1310 1107 1339 ante
1153 1299 1204 1338 de
1253 1300 1442 1340 cuniculo
1492 1301 1691 1352 cogitant,

154 1387 271 1426 quam
306 1382 499 1412 monente
533 1373 602 1412 illo
637 1372 729 1410 anni
764 1380 960 1421 tempore.
1033 1369 1126 1408 Scio
1154 1369 1303 1419 duplici
1336 1372 1524 1422 exemplo
1553 1369 1691 1410 dome-

152 1444 287 1486 sticam
318 1442 540 1494 Arciomyn
575 1444 614 1481 in
650 1441 784 1481 abdito
821 1440 994 1492 quodam
1032 1441 1127 1480 loco
1164 1442 1284 1480 tacite
1321 1450 1457 1491 parato
1500 1442 1689 1482 cuniculo

155 1512 373 1563 delituisse,
410 1523 615 1564 totamque
647 1523 720 1563 per
751 1512 940 1563 hyemem
978 1522 1052 1562 pro
1088 1508 1217 1550 amiss'a
1255 1511 1450 1562 habitam,
1496 1523 1594 1552 vere
1630 1521 1690 1552 te-

153 1596 278 1638 pente
311 1586 353 1624 in
390 1584 512 1623 domo
547 1584 682 1624 denuo
718 1580 956 1635 appar-uide,
992 1581 1064 1623 sed
1099 1581 1221 1633 magis
1261 1581 1462 1623 efferatam
1496 1581 1535 1622 &
1566 1581 1692 1636 pristi-

154 1662 220 1699 nae⁰
250 1656 517 1697 familiaritatis
554 1655 730 1694 oblitam.

289 1727 470 1778 Apparet
504 1726 598 1766 hinc
640 1737 722 1766 non
766 1723 848 1764 sola
892 1725 1031 1765 caloris
1064 1723 1370 1774 deminutione,
1422 1737 1541 1776 quam
1573 1726 1689 1766 initio

153 1799 329 1840 autumni
353 1798 532 1837 nondum
565 1796 760 1845 sentiunt,
787 1796 856 1834 vel
892 1793 1127 1847 hypocausti
1158 1796 1281 1835 saltim
1312 1795 1513 1835 beneficio
1549 1796 1689 1836 fallere

152 1867 332 1922 poss'cnt,
367 1868 562 1907 veniente
601 1867 748 1917 hyeme
781 1865 904 1904 condi
939 1864 977 1903 δί
1008 1865 1151 1907 somno
1187 1865 1280 1905 dedi
1306 1866 1542 1918 Arftomyes
1575 1879 1689 1918 acque

156 1953 200 1980 ac
241 1938 490 1986 Marmotas,
547 1936 613 1977 sed
655 1934 836 1976 instinc'tu
879 1935 1054 1987 quodam
1096 1947 1117 1974 a
1152 1936 1402 1987 plenitudine
1449 1937 1688 1990 pendente,

155 2024 240 2063 quae
272 2009 396 2050 L'rsos
426 2020 592 2060 quoque
630 2009 672 2047 in
707 2007 871 2047 latibula
904 2006 943 2046 δε
973 2005 1237 2058 spontaneum
1265 2005 1460 2058 jejunium
1485 2010 1604 2062 cogit.
1641 2009 1689 2049 In

193 2144 224 2184 i)
262 2146 392 2176 fabulas
429 2147 468 2177 de
502 2144 678 2186 ArStomye
720 2144 892 2184 explodens
941 2143 991 2174 cui
1007 2153 1070 2174 nou
1087 2142 1185 2175 solum
1205 2143 1400 2183 ineptiffimae
1422 2144 1510 2182 sunt,
1546 2145 1599 2178 sed
1617 2145 1690 2179 loct

153 2205 375 2228 xusixrvs
403 2197 455 2234 (sd
483 2196 557 2226 calc,
583 2194 646 2225 1155.
672 2204 721 2224 ar.
753 2205 782 2233 ρ.
810 2194 893 2233 231.)
943 2194 1040 2226 etiam
1058 2194 1217 2227 arboribus
1234 2195 1350 2238 confite
1373 2195 1510 2237 fugiunt.

152 2246 218 2289 ipse
233 2245 310 2280 saiso
334 2246 471 2283 affer-uit,
502 2256 552 2278 eas
585 2246 711 2278 arbores
730 2244 893 2284 sundere,
