2032 2630
791 207 893 243 MVS
941 202 1163 244 LEMMVS.
1673 215 1742 255 189

205 305 243 349 &
279 313 507 360 peragrant,
544 304 721 358 prolem,
758 305 828 346 sed
865 318 886 346 e
924 305 1166 359 frigidiffimis
1203 305 1432 359 alpestribus
1463 305 1566 360 jugis
1591 307 1741 349 adven-

203 380 328 419 titiam
365 375 467 425 effe,
504 375 622 416 facile
660 386 824 428 apparet
844 375 903 429 ⁶),
941 390 1124 429 quosque
1161 389 1326 429 propter
1348 378 1741 434 nucleorumssem-

200 449 278 489 brae
306 449 344 488 δε
370 448 627 502 Agaricorum
666 460 862 488 annonam
900 449 940 487 in
977 448 1147 488 diversas
1183 450 1369 501 regiones
1405 441 1742 500 hyematum‘abi-

199 523 267 568 re,
312 521 436 572 vulgo
485 528 581 558 nota
617 531 678 559 res
716 517 794 573 est,
842 518 1168 570 quandoquidem
1213 518 1290 561 istis
1333 520 1541 570 praesertim
1588 522 1742 562 nucleis

198 591 467 642 promptuaria
495 589 564 628 sibi
592 590 770 640 replere,
800 589 838 628 &
863 590 1078 642 Agaricos,
1105 601 1206 640 quos
1236 599 1367 630 amant
1384 583 1454 642 ά),
1485 592 1524 631 in
1547 605 1744 634 ramorum

199 660 318 713 spinis
356 659 395 700 &
431 659 593 702 furculis
630 661 732 700 circa
775 659 891 700 nidos
938 659 1101 712 copiose
1147 659 1324 713 defigere
1367 661 1498 703 solent
1542 663 1591 703 ad
1633 663 1741 705 futu-

198 744 281 772 ram
308 731 575 771 neceffitatem
613 731 839 782 hyemalem
876 731 1150 781 providentes.
1222 731 1349 771 Immo
1388 734 1504 773 etiam
1537 728 1739 779 Lemmo-

198 811 301 845 rmn
337 802 589 854 migrationes
625 802 761 852 pabuli
799 802 1031 842 autumnalis
1067 803 1323 854 utplurimum
1360 802 1537 844 defe6tui
1581 804 1741 854 deberi,

198 870 490 925 Norvegorum
528 870 666 912 suadet
702 873 864 923 opinio,
902 874 969 924 qui
1007 873 1176 918 cred-unt
1219 872 1410 913 Lemmos
1454 875 1594 926 patrias
1634 877 1742 926 alpes

198 953 295 984 tunc
332 944 581 994 relinquere,
613 944 774 996 quando
813 944 928 984 certis
965 944 1098 990 ventis
1135 942 1330 995 aridisque
1367 943 1559 985 aestatibus
1605 947 1744 997 alpinae

199 1015 385 1067 regiones
435 1022 675 1064 exuruntur,
731 1024 775 1054 ut
824 1023 991 1066 propter
1043 1013 1192 1053 vuitum
1247 1015 1287 1054 in
1331 1014 1514 1056 herbidas
1556 1016 1741 1067 planities

203 1084 450 1126 descendere
490 1094 704 1137 cogantur,
744 1085 856 1135 quod
895 1078 985 1129 Cel.
1022 1096 1378 1126 BRVNNICHIVS
1416 1086 1455 1126 in
1486 1087 1624 1128 litteris
1656 1099 1742 1127 mo-

199 1157 286 1196 nuit
323 1153 376 1208 ³).
449 1154 518 1195 De
564 1155 646 1196 aliis
695 1168 849 1196 murum
894 1156 1190 1210 migrationibus
1237 1158 1277 1196 in
1323 1150 1485 1200 Muris
1528 1151 1742 1204 oeconomi

200 1225 358 1267 historia
393 1225 518 1267 statim
557 1225 722 1266 dicetur.

338 1297 601 1351 Quaecunque
639 1298 799 1338 demum
835 1298 1019 1338 itinerum
1054 1296 1210 1338 Lemmi
1246 1297 1366 1338 sublit
1405 1298 1527 1347 ratio,
1563 1300 1747 1342 mirabilis

196 1369 336 1419 utique
367 1366 445 1418 est,
471 1367 694 1408 nec-facile
722 1368 803 1408 fine
842 1369 1033 1419 peculiari
1070 1368 1250 1412 instintfftu
1289 1372 1326 1408 ὄῑ
1370 1367 1632 1422 intelligentia
1675 1385 1742 1412 ex-

197 1437 424 1492 plicandus,
463 1437 674 1479 consensus
712 1451 793 1489 quo
830 1438 986 1479 Lemmi
1023 1451 1074 1478 ex
1110 1441 1261 1491 integra
1290 1441 1455 1492 regione
1489 1444 1741 1494 congregati,

195 1507 335 1551 strueta
360 1510 506 1575 vellut·
525 1510 633 1559 acie,
662 1516 712 1548 ex
750 1511 888 1561 alpinis
938 1511 978 1549 in
1025 1511 1161 1550 vicina
1204 1512 1321 1562 plana
1364 1511 1633 1561 descendunt,
1682 1525 1745 1553 re-

199 1579 370 1633 eroque,
398 1592 519 1633 quem
563 1579 833 1630 instituerunt,
870 1580 995 1622 σπῆι)
1030 1592 1225 1634 pergunt,
1261 1582 1379 1622 nullis
1416 1594 1551 1633 neque
1588 1585 1743 1634 pericu-

197 1653 265 1701 lis,
322 1664 400 1692 nec
453 1650 663 1693 obstaculis
716 1650 967 1693 disturbandi.
1070 1651 1338 1692 Consentiunt
1389 1655 1494 1693 enim
1540 1653 1741 1705 auctores,

205 1723 273 1773 qui
309 1722 360 1762 de
396 1722 572 1762 Lemmis
610 1731 800 1776 egerunt,
849 1735 1016 1778 omneS,
1063 1735 1134 1763 eos
1172 1725 1211 1763 in
1251 1724 1403 1776 agmina
1448 1724 1642 1766 collectos
1686 1739 1746 1766 re-

201 1791 371 1835 ctissima.
393 1791 610 1833 direffione
649 1793 863 1841 incedere,
887 1794 940 1832 ita
978 1802 1044 1847 ut,
1082 1806 1102 1832 a
1138 1795 1262 1845 longo
1300 1794 1601 1834 succedentium
1640 1797 1743 1836 ordi-

202 1873 280 1913 ne,
338 1860 522 1902 radicitus
570 1861 689 1903 exeso
737 1864 934 1915 gramine,
987 1864 1159 1903 tramites
1206 1862 1352 1913 caespiti
1398 1866 1512 1905 velut
1558 1865 1742 1919 insculpti

241 1957 274 2005 θ)
300 1969 473 1993 PALLAS
489 1959 575 2003 Reise
598 1960 668 1992 Vol.
687 1960 734 1993 II.
745 1972 775 2003 p.
796 1961 863 1994 660.
998 1961 1134 2000 ‚,fimus,
1155 1973 1212 1994 nec
1238 1973 1317 2003 ego,
1343 1973 1402 1994 nec
1428 1963 1509 1996 ullus
1537 1965 1613 1997 axius
1646 1967 1741 2000 talem

241 2010 279 2055 ⁴¹)
304 2012 386 2044 Flor.
414 2011 552 2053 Lappon.
573 2022 603 2051 p.
628 2011 703 2052 367.
995 2014 1111 2051 ‚‚vidit.
1173 2014 1304 2054 Aliquot
1329 2019 1433 2045 tamen
1477 2021 1551 2046 ante
1576 2018 1665 2047 annis
1698 2018 1741 2049 ibi

242 2061 276 2107 ε)
300 2063 491 2105 Excerpturn
520 2072 538 2093 e
566 2062 680 2093 litteris
715 2062 817 2094 Amici
852 2063 944 2102 adpo·
993 2063 1190 2104 „apparuisse
1217 2065 1411 2109 nonnullos,
1429 2067 1534 2097 retulit
1563 2067 1638 2098 mihi
1668 2070 1742 2100 ami-

196 2122 255 2147 no:
282 2117 300 2133 ‘⁴
324 2114 359 2144 In
379 2114 510 2154 regione
537 2112 707 2154 Norvegiae
724 2112 944 2153 australi(vu1-
994 2125 1092 2152 ,‚cus‚
1116 2116 1167 2154 qui
1196 2116 1260 2155 ipse
1282 2126 1338 2146 eos
1369 2117 1458 2149 vidit.
1525 2118 1610 2148 Anni
1633 2124 1742 2158 praete-

196 2174 267 2204 „go
301 2163 508 2206 Syndenfields
534 2163 632 2201 dicta)
663 2173 787 2204 perraro
818 2170 944 2204 apparet
994 2166 1075 2204 „riti
1102 2165 1227 2208 (1775.)
1243 2165 1395 2198 menfibus
1419 2167 1589 2198 Februario
1608 2168 1641 2200 &
1661 2170 1741 2200 Mar-

197 2226 306 2257 „unus
335 2215 368 2247 &
391 2215 470 2246 alter
494 2214 606 2246 horum
632 2215 766 2246 murium
789 2213 944 2259 (Lemmo—
994 2217 1066 2253 „tio
1094 2216 1182 2247 licuit
1203 2216 1280 2248 mihi
1304 2217 1406 2248 facere
1425 2219 1485 2249 iter
1506 2220 1544 2249 ad
1567 2219 1743 2252 Nidroiiam

196 2266 318 2303 ..r-um).
339 2265 454 2298 Tribus
482 2265 546 2296 istis
580 2266 684 2301 annis.
719 2266 829 2305 quibus
861 2267 944 2296 inter
993 2266 1134 2306 ,‚usque;
1162 2267 1274 2307 saepius
1297 2269 1406 2308 rogavi
1435 2271 1473 2300 de
1505 2269 1569 2300 istis
1602 2272 1743 2303 muribus

160 2328 163 2330 >
197 2316 351 2357 „fodinas
383 2316 664 2357 Kongsbergenses
695 2316 742 2348 fui
777 2317 945 2357 occupatis-
997 2319 1102 2358 „apud
1119 2318 1248 2350 rusticos
1263 2319 1396 2360 alpium,
1422 2321 1473 2360 qui
1495 2319 1664 2358 afferuere,
1685 2332 1743 2353 eos

915 2383 1011 2422 Bb
