2032 2630
761 191 864 229 MV'S
914 192 1184 228 TALPINVS.
1669 205 1740 243 177

169 290 522 345 -peraccumulata
568 297 670 330 terra
720 289 875 331 curiose
923 290 1063 332 clausae
1108 290 1487 344 deprehenduntur,
1530 305 1616 344 quae
1655 306 1737 346 quo

199 362 402 403 recentior
452 359 530 410 est,
573 371 624 401 eo
668 361 826 401 certiori
868 360 925 402 est
966 362 1114 403 indicio
1158 362 1370 414 praesentiae
1418 364 1651 404 animalculi.
1689 386 1740 393 —-—

201 432 422 472 Solitariam
457 432 523 471 hic
557 431 707 483 ubique
739 433 860 473 vitam
894 442 1037 486 agunt,
1071 433 1330 485 rariffimeque
1357 444 1466 475 extra
1500 445 1607 475 antra
1642 447 1739 477 con-

200 503 417 556 spiciuntur
453 501 565 543 oestro
603 502 811 555 praesertim
858 505 1020 556 perciti3
1057 505 1191 544 locum
1233 506 1367 556 itaque
1403 505 1637 558 potisfimurn
1682 507 1737 547 di-

197 574 337 614 luculo
381 574 450 614 vel
492 575 533 614 in
576 574 750 614 tenebris
796 583 947 615 mutare
984 575 1174 614 credibile
1221 574 1288 616 est.
1362 575 1428 616 Ad
1455 577 1596 616 claram
1632 579 1738 618 enirn

200 647 336 686 lucem
372 646 498 686 oculis
533 644 639 684 haud
674 645 783 684 bene
821 645 879 686 uti
911 646 1121 695 videntur,
1157 645 1268 696 quod
1299 647 1339 685 'm
1371 648 1577 697 captivatis
1618 647 1736 689 facile

201 715 456 768 perspicitur,
486 717 700 766 alterique,
727 716 830 755 inter
855 713 1066 756 Russ'orum
1104 716 1267 767 plebem
1294 717 1438 757 usitatae
1475 720 1733 770 appellationi

197 776 646 846 (Sljepustschonka,
690 778 903 838 Caeculus>
952 789 992 826 &
1040 785 1221 827 Tatan'ce
1278 781 1484 841 (Sucher
1517 812 1534 820 -
1573 782 1735 850 tskan,

197 856 298 898 Mus
337 853 494 908 coecus)
532 855 661 896 ansam
690 856 814 898 dedit,
888 856 1066 909 Neque,
1102 857 1131 897 si
1155 857 1327 900 interdiu
1361 858 1595 911 frequenter
1629 862 1736 901 exire

196 928 394 977 solerent,
433 928 510 968 ruri
551 929 752 981 agentium
791 928 1396 984 observationemeffugerent‚
1431 943 1553 982 quum
1594 932 1735 984 inepto

197 999 312 1041 cursu
349 1000 417 1040 vix
455 999 624 1039 celerius
659 999 872 1049 incedant,
909 1012 1027 1050 quam
1063 999 1132 1040 sub
1169 1010 1269 1041 terra
1298 1000 1472 1041 fodiunt.

357 1078 520 1131 Hyeme
558 1092 640 1120 non
682 1080 982 1122 obdormiscunt
1015 1081 1158 1122 Mures
1201 1084 1358 1134 talpini,
1394 1083 1463 1123 sed
1497 1084 1631 1124 locum
1663 1097 1735 1126 cae-

193 1150 383 1205 spitosum
419 1151 488 1191 sub
519 1151 648 1191 densis
685 1151 845 1194 arbustis
879 1162 1078 1204 quaerunt,
1111 1154 1181 1194 vel
1214 1151 1284 1194 sub
1320 1154 1416 1194 foeni
1448 1157 1600 1195 acervis
1638 1155 1735 1196 deli-

193 1223 371 1272 tescunt,
416 1224 551 1274 ibique
598 1224 763 1272 durante
810 1224 957 1274 hyeme
998 1224 1216 1265 numerosis
1252 1225 1332 1265 huc
1370 1226 1464 1265 illuc
1503 1225 1629 1267 ductis
1673 1239 1736 1266 ca-

191 1295 346 1334 nalibus
383 1295 515 1335 cibum
553 1304 754 1345 quaerunt‚
791 1295 1094 1346 profundiorem
1131 1296 1171 1334 in
1208 1295 1306 1336 foco
1344 1306 1527 1348 parantes
1573 1297 1734 1349 nidum,
1797 1294 1800 1298 ’

191 1377 312 1417 quem
349 1365 522 1416 gramine
561 1366 673 1404 molli
709 1366 867 1416 replent
891 1378 963 1417 pro
991 1366 1202 1416 cubiculo,
1241 1366 1279 1406 &
1303 1366 1402 1420 saepe
1431 1368 1746 1419 diverticulum,-

193 1435 304 1490 quod
340 1435 519 1476 collectis
557 1437 672 1487 gratis
708 1435 882 1477 radicum
926 1437 1132 1477 tuberibus
1180 1438 1350 1488 replent,
1419 1438 1542 1492 'Talia
1588 1440 1733 1490 hyber-

190 1507 334 1549 nacula
370 1506 499 1558 pamm
544 1506 650 1556 vidi,
693 1507 901 1559 praesertim
947 1509 986 1548 in
1031 1509 1152 1559 locis,
1199 1509 1267 1549 ubi
1311 1507 1461 1549 foenum
1506 1520 1734 1552 acervatum

189 1578 370 1626 steterat,
408 1579 502 1619 ideo
536 1577 774 1629 conspicua,
811 1578 923 1631 quod
958 1580 1013 1619 ibi
1049 1579 1207 1632 in·1·psa
1230 1579 1438 1632 superficie
1466 1580 1629 1632 caespitis
1657 1581 1732 1623 sul-

190 1663 261 1690 cos
297 1649 585 1701 labyrinthicos
622 1649 872 1701 exsculpunt.

329 1731 551 1784 Capiuntur
587 1743 719 1771 autem
755 1732 895 1781 facile,
932 1731 1055 1771 sicubi
1094 1733 1130 1771 in
1169 1733 1264 1772 loco
1311 1733 1576 1773 recentiffimis
1620 1743 1730 1776 terrae

183 1804 360 1857 ‚cumulis
398 1803 538 1841 animal
576 1802 774 1852 prodente
811 1803 1005 1841 matutino
1051 1802 1119 1842 seu
1155 1803 1384 1853 vesptrtino
1430 1814 1611 1854 tempore
1659 1819 1730 1858 op-

189 1874 374 1928 periaris,
413 1873 505 1911 dum
545 1873 802 1923 expurgando
841 1873 1029 1912 cuniculo
1069 1875 1268 1923 novisque
1306 1874 1506 1914 canalibus
1543 1877 1729 1917 cavendis

192 1956 354 1996 operam
393 1951 533 1990 navat,
570 1942 681 1992 quod
718 1943 954 1994 plerumque
991 1941 1080 1992 post
1097 1955 1272 1983 auroram
1299 1942 1336 1982 δε
1363 1943 1539 1985 diluculo
1567 1945 1727 1998 vesper-

191 2018 276 2056 tino
323 2015 531 2065 ingruente
576 2012 681 2053 facit.
773 2014 840 2053 Ad
886 2011 1046 2061 ostium,
1104 2026 1185 2064 quo
1231 2023 1369 2054 terram
1418 2027 1582 2067 egerere
1630 2027 1725 2060 tunc

193 2085 456 2137 conspicitur,
504 2083 686 2135 suspenso
739 2082 847 2135 paffu
902 2084 1176 2124 accedendum
1223 2084 1301 2133 est,
1345 2085 1383 2125 &
1430 2072 1727 2131 auscultandum

192 2157 327 2198 donec
363 2154 410 2194 ad
454 2153 595 2195 ostium
637 2155 785 2198 veniat.
824 2154 995 2207 Quoties
1033 2156 1137 2194 enim
1185 2157 1424 2206 aliquantum
1469 2166 1578 2198 terrae
1620 2160 1726 2201 intus

189 2227 473 2269 accumalatum
513 2224 593 2275 est,
616 2226 868 2278 retrogadum
900 2225 1083 2266 clunibus
1117 2226 1165 2265 ad
1197 2225 1337 2266 ostium
1376 2237 1630 2269 everrentem
1664 2232 1724 2270 vi-

192 2300 307 2349 deas,
343 2297 511 2338 &intra
552 2298 729 2336 canalem
776 2296 913 2349 saepius
955 2296 994 2336 se
1039 2297 1210 2350 agilitate
1253 2300 1348 2339 mira
1391 2309 1637 2351 vertentem,
1678 2311 1725 2344 ut

911 2365 947 2408 Z
983 2377 1005 2417 3
