1948 2630
208 243 279 275 130
763 226 863 264 MVS
915 225 1161 269 CITJLLVS.

203 332 313 372 vario
351 328 469 378 statu,
506 328 600 368 loco
639 324 677 366 &
711 317 892 378 tempore
927 327 1015 366 anni
1061 339 1133 379 pro
1183 324 1461 367 observatione
1507 339 1639 369 coram
1673 338 1743 369 me

203 401 360 443 sull'ossis
395 394 618 440 Citillorum
658 399 795 447 antris,
832 397 870 438 &
907 398 1029 438 modo
1065 410 1146 450 quo
1183 406 1296 450 capta
1332 398 1511 438 animalia
1544 411 1652 440 nova
1678 411 1746 439 an-

203 484 259 513 tra
294 483 427 524 parare
462 470 543 510 visa
573 470 684 519 sunt,
724 471 826 510 clare
864 470 1056 509 intellexi.
1129 468 1272 508 Inveni
1307 469 1423 508 etiam
1450 470 1584 521 saepius
1610 470 1744 521 junio-

201 556 262 585 res
301 556 321 582 a
355 542 541 582 matribus
591 541 775 593 expulsos
823 542 860 580 in
904 539 1099 580 derelictis
1139 541 1336 588 aliorum,
1388 542 1456 581 vel
1498 543 1627 592 parvis
1668 553 1745 594 pro

201 616 398 667 tyrocinio
433 614 570 665 coeptis
601 613 793 652 cuniculis
831 611 1131 662 delitescentes,
1169 623 1270 664 quos
1304 610 1405 662 saepe
1441 612 1672 665 relinquunt
1703 611 1742 652 &

201 687 369 727 multum
408 684 539 736 passim
577 693 686 724 terrae
724 693 902 736 egerunt.
957 715 961 721 .

337 767 499 808 Exitum
532 767 647 819 igitur
679 765 848 818 perfecti
879 766 1053 807 cuniculi
1089 764 1314 806 constanter
1343 766 1504 806 unicum
1533 764 1653 805 habet
1675 762 1743 804 Ci-

203 840 330 889 tillus‚
370 839 407 878 ἃ
441 840 600 890 quoties
618 849 770 877 novum
791 835 914 886 sodit,
945 838 1102 877 obturat
1127 838 1352 888 antiquum,
1390 837 1613 877 circulantis
1634 834 1742 877 forte

203 912 298 951 a‘e'ris
332 911 563 960 impatiens,
620 920 739 959 quem
786 916 923 947 contra
968 906 1149 948 Cricetus
1196 908 1235 947 δε
1274 920 1404 948 mures
1447 908 1542 948 varii
1590 906 1740 959 duplici

202 991 382 1033 apertura
413 980 624 1019 conciliare
664 978 734 1018 fibi
768 977 938 1018 student.
1012 977 1072 1017 Ea
1105 990 1204 1018 vero
1244 980 1466 1018 oeconomia
1498 976 1744 1030 perniciosis-

202 1052 293 1092 sima
325 1051 483 1100 Citillo,
519 1062 604 1089 non
639 1048 764 1089 solum
801 1049 961 1100 quando
992 1060 1152 1100 rapaces
1182 1047 1369 1089 Mustelae
1400 1050 1642 1101 irrumpunt,
1671 1047 1741 1088 sed

202 1125 319 1164 etiam
346 1121 506 1174 quando
537 1120 744 1169 effoditur,
773 1121 843 1160 vel
874 1132 973 1172 aqua
996 1128 1108 1159 antro
1134 1117 1365 1160 infunditur.
1439 1119 1484 1158 In
1515 1120 1647 1171 priore
1676 1131 1745 1159 ca·-

192 1195 242 1235 su
277 1194 360 1233 vidi
395 1193 599 1241 Citillum,
655 1192 748 1232 dum
783 1190 952 1242 desuper
987 1189 1222 1240 foderetur,
1267 1191 1522 1231 tumultuat-Io
1561 1190 1687 1230 canali
1716 1203 1739 1230 a

200 1265 297 1306 nido
329 1266 370 1304 in
404 1263 626 1317 oppofitam
661 1271 815 1313 partem
849 1261 1026 1315 effugere
1065 1258 1254 1310 tentass'e,
1290 1270 1336 1302 ut
1360 1261 1461 1313 saepe
1488 1261 1588 1301 intra
1610 1260 1741 1302 breve

202 1346 359 1387 tempus
394 1336 495 1376 ultra
528 1334 759 1386 spithamam
791 1333 873 1373 sese
910 1334 950 1372 in
986 1333 1121 1373 duram
1153 1341 1294 1373 terram
1331 1329 1568 1372 condidiffet
1604 1331 1643 1372 &
1668 1333 1740 1374 vix

202 1408 460 1447 inveniretur.
531 1404 700 1445 Facilius
731 1403 769 1444 &
805 1404 1030 1455 promptius
1066 1415 1167 1453 aqua
1207 1403 1492 1451 exturbantur,
1538 1401 1649 1453 cujus
1681 1411 1739 1443 ta-

203 1491 295 1517 men
329 1479 368 1517 in
404 1475 728 1528 profundioribus
765 1474 998 1514 feminarum
1030 1475 1167 1522 antris,
1202 1473 1289 1514 solo
1332 1472 1539 1524 praesertim
1571 1473 1738 1524 bibulo,

202 1548 304 1600 ssepe
331 1550 507 1600 quinque
542 1546 578 1586 &
610 1548 744 1597 plures
765 1545 961 1596 amphorae
997 1545 1269 1595 requiruntur,
1299 1543 1431 1584 donee
1464 1543 1633 1595 prodeat
1657 1546 1742 1584 ani-

201 1621 301 1668 mal,
341 1620 449 1670 quod
488 1617 624 1657 sensim
661 1618 773 1656 altius
811 1615 848 1654 &
881 1617 992 1654 altius
1022 1614 1265 1654 adscendens
1296 1627 1380 1655 non
1409 1613 1478 1655 nifi
1507 1616 1643 1655 ultima
1665 1627 1737 1656 ne-

204 1691 373 1730 cessirare
406 1688 586 1729 coactum
621 1690 659 1727 in
697 1688 868 1739 apricum
901 1687 1059 1726 tandem
1098 1685 1228 1737 prodit
1256 1684 1456 1726 madidum
1492 1685 1530 1725 &
1554 1699 1574 1725 a
1601 1685 1741 1738 gelidi-

205 1770 284 1800 tate
322 1774 429 1812 aqua*
461 1761 511 1799 ita
544 1758 787 1809 perculsum,
840 1766 885 1796 ut
919 1758 1022 1797 vires
1058 1756 1105 1795 ad
1143 1755 1276 1808 fugam
1310 1759 1545 1808 plerumque
1586 1756 1739 1805 defint3

204 1844 318 1884 quam
354 1832 449 1872 alias
481 1830 573 1869 dum
607 1831 737 1881 viget,
775 1830 914 1879 inepto
950 1829 1046 1869 licet
1071 1827 1108 1867 &
1132 1827 1371 1869 subsultante
1398 1827 1533 1877 cursu,
1559 1827 1646 1868 satis
1671 1841 1740 1870 ex-

202 1902 340 1956 pedite
385 1913 516 1941 tamen
554 1900 723 1951 capeffit.

343 1984 463 2024 Citilli
497 1983 648 2034 semper
683 1982 839 2022 solitarii
870 1983 908 2022 in
944 1983 1136 2024 cuniculis
1169 1984 1335 2031 vivunt,
1371 1994 1448 2022 nec
1484 1981 1556 2022 nisi
1579 1983 1739 2024 veneris

204 2064 386 2108 tempore
424 2054 572 2094 femina
607 2053 770 2094 subinde
809 2055 848 2093 in
881 2054 1067 2094 cuniculo
1103 2055 1215 2094 mai-is
1245 2053 1570 2106 deprehenditur.
1627 2052 1735 2093 Corr-

207 2137 262 2166 tra
295 2140 420 2166 mares
457 2125 649 2166 mordacis
685 2123 851 2163 foeniinae
889 2125 1114 2164 cuniculum
1151 2133 1317 2177 propter
1358 2124 1569 2176 angustiam
1607 2123 1735 2166 subire

207 2197 276 2247 ipsi
310 2207 538 2248 nequeunt,
575 2207 745 2236 cavente
787 2195 946 2235 forsitan
982 2204 1138 2243 natura,
1176 2207 1227 2235 ne
1256 2196 1486 2246 carnivoro,
1523 2208 1642 2246 quem
1670 2197 1741 2236 de-

207 2268 298 2306 inde
335 2279 561 2322 exponam,
616 2268 795 2318 appetitu
835 2267 883 2307 ad
918 2264 1192 2306 destruendam
1232 2256 1412 2307 sobolem
1453 2266 1739 2313 sollicitentur3

208 2336 321 2391 quod·
355 2336 540 2379 Muribus
577 2338 671 2377 albis
707 2338 954 2379 incarceratis
998 2333 1178 2378 accidisse
1222 2336 1384 2377 sci0.-—
1454 2337 1584 2379 Primo
1619 2349 1736 2379 mane
