2032 2630
330 205 385 234 -to
844 194 1007 233 LE‘PVS
1046 194 1370 233 ‘VARtABILm

329 286 460 330 ‚dente
496 289 614 329 etiam
643 286 863 330 secundum
889 290 1205 344 temperamenta
1236 290 1410 343 pilorum
1435 297 1477 332 et
1510 290 1693 345 capillitii*
1714 288 1875 344 colore',

331 359 608 410 consistentia,
659 369 807 401 natura.
915 360 1071 402 Eadem
1109 373 1160 403 ex
1199 361 1353 402 ratione
1391 360 1600 404 infantium
1634 363 1883 416 lymphatica.

334 442 504 482 corpora
536 429 662 471 flavos
697 441 763 472 aut
793 432 990 485 pallentes
1023 432 1188 485 capillos
1226 425 1440 486 generant,
1492 432 1716 476 adultorum
1753 435 1874 486 magis

333 501 471 541 biliosa
507 502 663 543 indoles
698 501 831 543 fuscos
870 512 912 544 et
948 496 1136 545 obscuros
1180 503 1276 544 facit
1291 516 1309 551 ς,
1358 513 1397 543 at
1441 505 1692 558 nigricapillae
1736 514 1877 559 gentes

332 573 570 624 plerumque
618 573 698 625 jam
749 587 771 614 a
817 576 1022 616 nativitate
1073 574 1183 616 fusca
1235 575 1520 626 complexione
1566 577 1753 629 gaudent.
1825 602 1876 612 --

327 641 487 696 Neque
535 646 815 686 contradicunt
859 647 1132 698 experimenta
1175 647 1449 686 GUNTHERI
1493 641 1596 688 cir'ca
1640 648 1772 688 avium
1808 659 1876 687 va-

329 716 405 756 tias
442 715 593 767 species
630 728 682 756 ex
725 718 903 758 cannabe
947 718 1249 771 pinguescendo
1286 719 1412 770 nigras
1449 719 1602 770 plumas
1636 718 1798 769 adeptas
1823 710 1875 770 ¹),

329 786 454 826 immo
491 788 623 839 potius
668 790 710 828 in
754 788 1099 829 confirmationem
1135 789 1338 830 sententiae
1376 788 1515 829 nostrae
1553 790 1741 840 explicari
1779 800 1876 842 que-

332 867 416 898 unt.
490 858 625 898 Potest
659 871 806 911 nempe
831 860 878 899 ab
911 861 1050 901 oleoso
1078 862 1267 901 alimento
1301 846 1502 912 superfluo
1529 861 1690 900 tandem
1723 859 1876 911 dyscra-

331 927 384 968 fia
421 929 629 971 atrabilaris
672 931 884 972 humorum
928 933 1039 981 oriri,
1093 940 1135 972 et
1176 932 1432 983 plumationis
1475 942 1658 984 tempore
1695 932 1736 971 in
1772 931 1887 982 peri·-

331 999 509 1050 pheriam
546 1003 714 1041 maxime
754 1002 914 1053 expulsa
949 1004 1103 1055 plumas
1141 1013 1231 1042 cum
1269 1003 1512 1042 nutrimento
1550 1004 1717 1055 tingere.
1799 1001 1875 1041 Im-

332 1080 399 1110 mo
448 1073 663 1111 contrarius
707 1073 880 1123 pilorum
926 1072 1104 1113 alborum
1151 1073 1191 1112 in
1228 1072 1475 1113 cicatricibus
1512 1085 1707 1124 equorum
1743 1073 1875 1124 nigro-

330 1153 416 1180 rum
451 1142 522 1181 vel
557 1141 832 1193 spadiceorum
867 1151 1090 1194 proventus
1135 1142 1302 1182 similem
1338 1143 1650 1193 explicationem
1687 1141 1875 1182 admittit:

332 1213 428 1253 dum
463 1224 572 1252 nova
606 1213 778 1254 solidatae
816 1215 916 1253 cutis
953 1223 1107 1254 textura
1144 1215 1339 1263 tenerior,
1376 1214 1522 1263 laxior,
1566 1214 1726 1253 mollior
1763 1212 1876 1267 (ner-

331 1283 392 1323 vis
430 1295 595 1336 quoque
632 1283 816 1325 destituta
832 1282 906 1337 Μ),
953 1285 1204 1325 cenditiones
1248 1283 1422 1324 infantiae
1468 1283 1576 1335 quasi
1612 1283 1787 1333 reducit,
1834 1292 1876 1325 et

331 1353 472 1395 succos
508 1356 635 1396 minus
674 1354 833 1406 εοὸὶοε,
876 1356 1142 1408 lymphaticos
1178 1356 1330 1407 recipit.
1367 1382 1418 1388 —
1453 1354 1609 1406 Neque
1646 1356 1775 1395 minus
1813 1367 1875 1395 ca·

331 1426 449 1466 nities
485 1424 686 1477 provectae
723 1428 865 1476 aetatis,
910 1428 950 1466 in
996 1427 1159 1465 homine
1203 1427 1349 1478 pariter
1385 1435 1427 1466 et
1469 1426 1698 1465 animalibus
1737 1425 1874 1466 dome-

329 1495 455 1546 sticis,
492 1497 705 1537 imminutae
740 1497 828 1538 bilis
866 1507 907 1538 et
944 1498 1091 1538 cruoris
1128 1497 1311 1537 efficaciae
1346 1497 1416 1536 vel
1453 1497 1580 1548 copiae
1616 1496 1733 1536 tribui
1760 1495 1873 1548 poffe

331 1567 556 1618 videretur,
602 1581 724 1620 quum
771 1581 819 1608 ea
862 1577 952 1609 aetas
996 1569 1139 1609 horum
1174 1568 1368 1622 sanguinis
1405 1567 1700 1608 elementorum
1737 1569 1873 1608 elabo-

330 1639 526 1678 rationem
561 1651 673 1690 aeque
710 1638 982 1693 imperfectam
1020 1651 1065 1679 ac
1101 1640 1139 1679 in
1177 1637 1393 1679 infantibus
1431 1638 1608 1688 obtinet,
1653 1639 1736 1678 aliis
1773 1651 1876 1690 quo-*

332 1720 412 1761 que
449 1709 722 1760 phaenomenis
759 1710 914 1762 prodat.
987 1710 1310 1761 Animaliumquc
1344 1711 1554 1750 varietates
1581 1710 1678 1750 albae
1704 1718 1870 1761 propter

331 1780 515 1820 eamdem
559 1782 753 1821 rationem
796 1783 940 1822 indolis
977 1781 1131 1832 semper
1175 1780 1377 1821 debilioris
1415 1788 1456 1820 et
1500 1781 1657 1820 habitus
1711 1780 1868 1821 laxioris

330 1850 444 1900 sunt,
477 1850 588 1903 quod
623 1853 665 1893 in
700 1851 946 1904 Nigritarum
982 1853 1095 1904 prole
1132 1850 1280 1902 latim,
1326 1849 1438 1902 cujus
1475 1851 1704 1904 exemplum
1742 1863 1869 1902 quon-

333 1923 422 1962 dam
457 1920 694 1974 Londini'¹)
731 1922 835 1973 vidi,
872 1923 1081 1976 praescrtim
1117 1923 1263 1974 liquet,
1301 1921 1352 1962 de
1389 1933 1471 1974 quo
1508 1916 1777 1973 similibusque
1805 1921 1874 1960 ali-'

331 1992 372 2032 bi
382 2024 396 2047 ‚
430 1994 621 2046 peculiari
657 1995 760 2034 circa
796 1995 1008 2035 varietates
1046 1994 1267 2033 animalium
1306 1991 1539 2033 traetatione
1577 1993 1718 2033 dicam.

372 2081 414 2134 Ὺ)
433 2093 501 2126 Der
515 2092 760 2137 Naturforscher
777 2093 909 2128 Part.I.
935 2093 1075 2137 μηρῷ
1128 2097 1245 2125 natura
1273 2091 1353 2125 αιιᾶ.
1386 2101 1468 2125 ιος.
1492 2102 1759 2126 CAVALL1N1.
1807 2092 1871 2125 Flo-

334 2148 364 2174 et
391 2143 484 2178 Part.
497 2144 556 2175 IX.
580 2155 608 2185 p.
618 2149 668 2176 22.
733 2147 737 2150 ”
1124 2149 1203 2176 rent.
1229 2145 1320 2184 1768.
1346 2150 1378 2181 3.

345 2195 414 2238 μω)
440 2195 514 2227 Vid.
543 2195 723 2237 TentamIna
745 2194 857 2227 medico
873 2193 1074 2236 -chirurgica
1171 2191 1208 2236 ¹²)
1235 2195 1337 2235 Hujus
1360 2193 1594 2235 elegantissimae
1620 2191 1872 2236 Leucoethioptjffoe
1918 2218 1920 2220 ,

333 2239 370 2276 ’ἑ
383 2245 467 2286 felici
487 2245 519 2275 in
542 2244 750 2277 animantibus
767 2246 850 2276 uteri
867 2244 1073 2295 extrastl‘iotn’,
1123 2246 1219 2277 miror
1251 2245 1360 2277 nullibi
1384 2246 1416 2276 in
1440 2246 1572 2286 publicis
1603 2244 1724 2285 scriptis
1756 2243 1870 2275 fastam

335 2295 584 2337 daque-partium
603 2300 866 2338 regeneratorum
879 2300 910 2328 et
922 2295 1075 2328 cicatricis
1122 2295 1212 2329 fuisse
1235 2296 1441 2328 mentionem.
1512 2295 1726 2328 Exhibebatur
1748 2294 1872 2333 publice
