2032 2630
275 223 325 253 ⁸0
618 238 630 249 .
851 211 951 248 Lm*
960 211 1022 251 VS
1072 212 1102 249 Τ
1111 212 1138 248 0
1147 211 1172 248 1.
1181 211 1243 250 Aa

275 306 415 357 datas,
491 316 578 359 quae
632 312 766 347 tamen
819 304 923 355 adeo
976 317 1065 348 non
1117 306 1239 361 magis
1283 305 1325 347 in
1367 308 1493 349 un'um
1517 305 1699 362 ‘conjugi
1745 306 1830 350 mel

273 386 422 420 Fesstur·
1275 381 1281 389 “

379 471 484 512 Non
529 479 640 512 certo
686 470 868 523 constat,
921 470 1130 525 quousque
1169 471 1219 513 ad
1261 471 1518 513 occidentem
1558 484 1632 524 per
1675 472 1828 514 deserta

273 543 375 583 Afiae
402 543 449 582 L.
479 542 597 583 Tolai
629 541 806 596 speciem
840 544 1135 597 propagaverit.
1215 543 1261 583 In
1294 543 1455 596 caspicis
1490 545 1629 595 utique
1665 534 1826 586 desertis

274 613 397 655 deest,
472 614 609 668 Quum
642 627 664 654 a
699 615 851 656 boreali
886 616 1044 656 elimate
1078 616 1229 656 alienus
1264 615 1475 665 videatur,
1521 615 1711 656 credibile
1748 613 1826 666 est,

272 686 480 727 meridiem
511 685 646 726 versus
677 695 788 727 tanto
826 688 941 727 latius
970 687 1127 739 evagari
1158 694 1199 726 et
1236 687 1277 726 in
1304 685 1454 727 Indiam
1481 684 1587 726 forte
1614 686 1737 738 usque
1765 697 1826 727 re-

272 758 404 808 periri.
488 756 610 797 Certe
647 758 688 797 in
731 757 886 799 deserto
920 770 1064 811 magno
1101 744 1306 811 Gobeenfi
1345 758 1496 809 ubique
1535 757 1583 797 ad
1619 756 1825 810 Tybetum

273 824 398 879 usque
424 829 547 877 vivit,
584 827 776 882 Tangutis
807 829 971 870 nomine
1002 820 1214 892 Rangwb
1238 823 1474 882 notiffimus',
1511 829 1695 880 interque
1720 829 1823 881 lunae

273 899 446 941 maculas
477 899 740 942 consecratus.

696 1075 699 1082 s
769 1047 1327 1122 DESCRIPTio

528 1157 1092 1223 LEPORls
1176 1154 1564 1223 J'OLAL

904 1267 1032 1301 Tab.1.
1084 1267 1198 1310 fig-2.

386 1369 670 1437 Magnitudo
707 1376 861 1415 circiter
885 1372 1055 1426 Leporis
1086 1373 1211 1414 timidi
1247 1381 1288 1414 et
1321 1372 1539 1423 variabilis,
1578 1373 1824 1427 eosdemque

275 1447 456 1500 proxime
490 1447 627 1487 habitu
667 1455 709 1485 et
739 1444 929 1486 struftura
961 1444 1096 1486 refert.

389 1534 542 1599 Caput
574 1540 811 1591 oblongius,
849 1539 970 1590 magis
1003 1535 1290 1590 compressum,
1328 1517 1572 1590 eriliusque,
1609 1549 1728 1589 quam
1762 1538 1825 1578 iis-

281 1609 386 1650 dem.
483 1603 623 1654 Labii
658 1609 867 1661 superioris
902 1609 986 1648 lobi
1023 1608 1147 1660 usque
1183 1609 1233 1649 ad
1267 1609 1445 1650 dentium
1480 1608 1590 1649 basin
1628 1610 1823 1659 connexi,

277 1681 421 1721 lobulo
454 1682 694 1721 intermedio
728 1678 861 1729 nudo,
898 1679 1064 1732 rugoso,
1100 1679 1225 1719 molli.
1314 1674 1477 1741 Nafits
1510 1681 1632 1730 latus,
1669 1691 1822 1721 conve-

277 1759 374 1802 xus,
409 1751 540 1792 sutura
566 1753 739 1804 pilorum
763 1751 907 1790 bieruri
931 1749 1083 1801 postice
1109 1749 1304 1799 inclusus,
1342 1750 1508 1791 albidus.

280 1901 283 1904 Α
387 1839 571 1890 Dentes
585 1839 815 1904 primores
841 1843 1062 1896 superiores
1086 1842 1219 1894 sulco,
1255 1844 1432 1885 interiori
1465 1844 1611 1898 angulo
1634 1845 1823 1897 propiore

281 1917 451 1970 exarati,
487 1904 729 1974 inferiores
759 1915 887 1965 plani,
924 1916 1058 1955 laeves.

389 2001 630 2068 *Mystaces
669 2006 738 2049 sex
783 2008 993 2057 ordinum,
1047 2008 1176 2048 multo
1221 2005 1466 2059 copiosiores
1484 2036 1496 2058 ‚
1551 2007 1822 2060 majoresque,

278 2086 398 2133 quam
431 2080 472 2118 in
506 2078 554 2119 L.
588 2079 818 2142 variabili3·
836 2078 926 2118 setis
953 2079 1093 2130 nigriS,
1129 2086 1310 2118 extremo
1339 2078 1620 2128 albicantibus,
1658 2090 1824 2130 quarum

281 2149 521 2202 posteriores
554 2151 707 2202 aliquot
737 2150 868 2202 eapite
905 2149 1130 2201 longiores,
1174 2148 1318 2201 rigidae.
1404 2144 1624 2194 Verrucae
1655 2148 1823 2201 supraci-

281 2221 396 2262 liares
429 2220 552 2271 binae,
594 2221 749 2272 bisetae‚
793 2229 839 2264 ut
868 2220 908 2262 in
948 2219 1052 2273 Lep.
1082 2220 1279 2271 variabili,
1324 2219 1394 2262 sed
1427 2220 1672 2276 longioribus
1706 2220 1820 2271 setjs;

280 2292 462 2344 parotica
490 2290 627 2338 biseta.

1977 973 1981 980 .
1976 894 1983 947 -0
1979 861 1982 863 ,
1972 270 1985 836 ...ψ-«ω--ῄμΛ-...Ψυ-«Μιωσω
