2032 2630
757 210 860 247 Mvs
919 211 1162 266 s'ocrAms,
1661 223 1734 258 219

196 310 306 352 fertis
347 310 537 350 habitant.
611 308 795 349 Maxime
826 309 1074 361 abundantes
1111 309 1320 350 observavi
1360 312 1462 351 circa
1497 310 1730 361 Rhymnum

197 380 424 422 inferiorem
474 379 511 419 &
556 379 772 420 secundum
814 381 1041 421 convallem
1082 380 1310 434 Bogyrdai,
1347 382 1568 432 arenosam,
1602 381 1730 423 aestate

195 451 361 501 siccam,
408 450 540 491 'vernis
592 451 916 492 inundationibus
968 462 992 490 e
1043 450 1170 492 fluvio
1227 463 1346 502 aquas
1389 453 1607 493 ambituoso
1661 466 1732 505 per

199 522 393 563 desertum
431 520 554 562 traetu
601 521 892 569 deducentem3
930 520 1041 572 cujus
1080 523 1205 562 elatas¹
1237 522 1336 573 ripas
1380 523 1572 564 cuniculis
1611 533 1730 576 atque

198 592 338 645 egestae
370 605 497 633 arenae
529 582 695 633 cumulis
736 593 842 633 adeo
879 591 1026 631 crebris
1072 591 1329 642 obsidebant,
1375 601 1419 632 ut
1455 594 1524 634 vix
1563 594 1731 648 vestigio

195 662 413 715 superesset
466 664 580 704 locus
635 664 801 716 integer.
889 660 1044 714 Neque
1093 673 1193 702 vero
1243 663 1283 702 in
1326 663 1611 706 borealioribus
1660 665 1732 706 isto

194 733 319 775 tractu
361 732 491 787 (50.⁰·
544 733 643 773 latit.
681 730 794 786 bor.)
831 732 1004 782 simbus,
1044 744 1122 772 nee
1157 734 1196 772 in
1224 734 1541 774 01·ienta110ribus
1572 734 1737 777 Tatariae

194 803 357 845 desertae
393 803 459 858 (v.
496 815 551 855 gr.
588 803 637 842 ad
671 800 791 855 Irtin)
844 803 1046 843 observati
1090 804 1207 844 nobis
1241 803 1353 852 sunt3
1404 807 1584 856 quamvis
1630 807 1734 848 circa

195 873 315 916 Mare
369 874 542 927 caspium
593 874 641 914 ad
682 873 847 915 austrum
893 875 1006 915 latius
1046 874 1252 924 habitent,
1298 876 1482 928 circaque
1526 875 1733 918 Astraeha-

196 947 301 987 niam
350 946 468 999 mihi,
527 956 764 985 GMELINO
837 954 968 985 autem
1025 945 1066 985 in
1116 944 1319 996 Hyrcania
1372 939 1412 999 ὑ)
1477 951 1732 989 occurrerint.

197 1015 321 1068 Cujus
360 1016 581 1066 subalpinas
614 1015 823 1066 praesertim
852 1016 1043 1069 ,regiones
1091 1017 1269 1057 incolere
1311 1029 1334 1057 a
1382 1011 1525 1062 Sociis
1564 1013 1736 1063 Gmell'-

196 1081 347 1132 manis
384 1087 534 1137 accepi·

333 1157 510 1205 Fodiunt
545 1155 593 1196 ad
633 1156 833 1208 spithamae
870 1157 1024 1197 circiter
1074 1158 1412 1210 profunditatem,
1450 1160 1734 1212 canalibusque

198 1229 300 1281 saepe
343 1228 497 1269 offitonis
549 1228 617 1267 vel
659 1228 856 1279 pluribus,
908 1241 1034 1269 arenae
1073 1228 1213 1283 egestae
1259 1230 1420 1271 cumulo
1464 1241 1628 1271 externe
1673 1230 1735 1281 sti,-

198 1301 321 1352 paris,
370 1299 613 1350 permeabsse
663 1298 788 1340 solum
831 1299 1030 1349 reddunt,
1078 1302 1179 1340 circa
1231 1300 1391 1350 nidum,
1442 1301 1544 1354 saepe
1595 1301 1736 1354 insigni

198 1369 473 1422 profunditate
536 1367 739 1418 effossum,
800 1370 839 1409 in
895 1383 977 1421 quo
1032 1371 1189 1422 semper
1236 1383 1308 1422 per
1349 1373 1474 1423 paria,
1525 1373 1601 1412 vel‘
1643 1384 1736 1414 cum

197 1441 345 1480 familia
407 1440 628 1479 habitantes
675 1439 1043 1491 deprehenduntur.
1124 1440 1320 1487 Victitant
1365 1443 1585 1494 radicibus,
1624 1444 1736 1495 plan-

197 1512 327 1563 tisque
390 1510 527 1558 variis,
573 1520 708 1561 neque
753 1522 853 1550 vero
896 1509 1043 1563 Lappae
1095 1512 1254 1564 calyces
1303 1523 1492 1565 appetere
1544 1513 1736 1555 credibile

198 1581 277 1632 est,
314 1583 411 1622 licet
458 1580 533 1621 hos
577 1581 617 1620 in
662 1581 776 1621 antris
827 1579 957 1634 (forte
984 1580 1121 1634 casu)
1174 1583 1338 1634 copiose
1384 1585 1572 1624 inventos
1620 1583 1735 1626 fuisse

201 1664 469 1693 GMELINVS
504 1650 661 1692 referat.
735 1649 841 1692 Mihi
886 1653 1019 1704 potius
1062 1653 1292 1706 'Puliparum
1330 1656 1369 1695 in
1412 1655 1567 1696 deserto
1606 1656 1737 1709 passim

198 1724 523 1778 provenientium
565 1723 712 1763 bulbos
762 1725 962 1774 requirere
1013 1723 1085 1764 vifi
1134 1725 1245 1774 sunt,
1296 1737 1463 1777 quorum
1507 1725 1737 1779 effofforum

200 1797 302 1835 tauae
343 1794 382 1833 &
432 1792 596 1845 vestigia
636 1795 676 1832 in
727 1795 848 1844 locis,
904 1795 972 1834 ubi
1016 1794 1206 1847 frequens
1248 1795 1311 1834 M.
1354 1796 1506 1837 socialis
1562 1798 1735 1848 habitat,

200 1877 404 1918 nunquam
450 1863 602 1911 desunt.
676 1863 802 1904 Immo
847 1864 932 1904 fere
977 1866 1021 1905 iis
1056 1876 1206 1906 tantum
1240 1867 1337 1906 Iocis
1377 1867 1550 1907 habitare
1583 1867 1736 1910 nostros

202 1936 388 1984 dixerim,
421 1936 490 1976 ubi
521 1934 666 1986 Tulipa
696 1931 938 1974 Gesneria‘na
980 1936 1122 1988 sponte
1162 1938 1371 1988 provenit,
1407 1950 1484 1989 qua
1520 1937 1736 1980 deficiente

202 2008 244 2049 in
285 2006 448 2047 Tatariae
490 2006 742 2046 orientaliora
786 2006 940 2047 deserta
984 2020 1066 2048 non
1112 2007 1306 2059 proeeffit.
1351 2031 1401 2036 —
1473 2008 1540 2048 Ad
1584 2009 1738 2062 Rhym-

244 2127 279 2172 ὅ)
307 2130 378 2161 Mus
412 2129 561 2160 micruros
585 2137 774 2160 σΜειῑΝ.
804 2130 947 2161 itinerar.
998 2132 1129 2161 eundem
1155 2131 1274 2162 Murem
1295 2131 1378 2170 prius
1396 2131 1478 2162 circa
1507 2131 1736 2166 Astrachaniam

202 2182 260 2215 vol.
282 2180 347 2213 III.
373 2190 402 2218 p.
426 2190 490 2219 5⁰0
532 2178 586 2210 tab
612 2189 667 2220 57.
699 2182 726 2218 t.
759 2189 788 2210 2.
822 2179 946 2220 pessima
997 2182 1192 2213 observatum
1228 2191 1338 2211 ιοεΜ
1372 2182 1403 2212 ἰῃ
1436 2181 1507 2214 ltin.
1547 2183 1604 2213 vol.
1633 2184 1675 2214 II.
1705 2194 1736 2224 p.

202 2233 295 2265 icone
330 2231 410 2262 haud
439 2230 690 2271 distinguendus,
724 2230 774 2261 sed
805 2241 822 2261 e
850 2236 946 2262 trans.
997 2242 1060 2272 ¹73·
1085 2232 1146 2263 tcib.
1174 2233 1218 2264 II.
1242 2231 1413 2271 descripsit,
1447 2231 1480 2263 &
1504 2235 1587 2273 quod
1622 2234 1739 2275 perfice

202 2283 298 2315 miffis
323 2294 339 2313 a
361 2291 566 2327 chramno
595 2280 702 2312 fareris
727 2281 858 2321 pellibus
891 2292 947 2322 pro
997 2283 1027 2312 in
1073 2284 1162 2314 icone
1209 2284 1274 2315 fere
1316 2282 1433 2315 Sericis
1479 2284 1589 2317 dentes
1627 2287 1737 2321 tribuit

201 2335 244 2368 M.
282 2334 389 2368 sociali
424 2333 562 2375 agnitus.
595 2341 696 2375 neque
732 2331 830 2365 obstat
861 2335 944 2375 quod
994 2328 1105 2374 pistor.
1713 2328 1716 2331 ’
