1948 2630
181 178 283 221 -ηε
790 165 1186 204 Mvs·TYPHLvs

210 272 424 314 lumbricos
461 268 642 309 recusant
693 279 846 307 omnes.
882 291 932 297 —
1013 263 1247 305 Dicendum
1292 276 1455 318 quoque
1502 265 1552 307 de
1589 269 1759 310 nomini-

209 344 284 383 bus
340 340 629 393 popularibus5
683 338 752 380 sub
816 339 960 389 quibus
1031 335 1136 389 apud
1199 333 1341 376 Ruffos
1398 337 1576 390 aliosque
1632 349 1753 381 notus

212 412 269 454 est
332 403 551 469 Typhlus.
667 409 721 449 Et
767 410 891 461 vulgo
947 406 1107 459 quidem
1152 406 1286 448 rustice
1334 406 1484 449 summo
1530 408 1617 460 jure
1666 403 1755 453 Sle-

200 490 312 544 pez,
344 480 383 520 id
426 479 483 520 est
519 475 707 534 Coecm',
745 480 935 531 appellari
968 479 1092 528 solet,
1119 479 1346 529 eodemque
1371 478 1481 519 sensu
1511 493 1533 520 a
1569 479 1755 520 Calmuc.

210 556 265 595 cis
314 551 572 605 volgenfibus
621 543 811 612 §ficher
837 576 853 583 -
886 542 1044 595 71'6722072
1096 550 1306 591 vocitatur.
1343 572 1394 577 -
1475 549 1544 590 Est
1578 563 1677 591 vero
1715 553 1755 592 in

205 624 379 665 Verania
411 622 548 663 usitata
585 623 657 662 alia
684 624 921 673 appellatio,
959 634 1046 672 quae
1074 613 1263 680 Silgfkoff
1284 645 1300 652 -
1327 613 1590 680 Sffihenjlle
1623 621 1751 674 audit,

205 695 399 747 cujusque
438 694 631 734 derivatio
676 692 935 744 superstitiosa
962 691 1029 732 est.
1107 690 1245 730 Credit
1287 691 1392 730 enim
1433 693 1577 744 vulgus
1619 693 1751 743 illum,

212 768 280 819 qui
333 764 539 815 Typhlum
595 765 774 805 manibus
827 764 1101 812 suffocaverit,
1150 774 1285 802 eorum
1332 762 1563 814 digitorum,
1608 765 1750 815 quibus

213 837 371 877 animali
415 837 498 875 vim
538 836 698 889 adtulit,
744 834 849 875 taftu
885 833 996 886 posse
1038 845 1172 874 curare
1209 832 1438 883 scrophulas
1477 833 1514 872 &
1546 834 1749 885 glandulas

213 910 319 949 circa
359 907 510 946 collum
543 905 762 955 induratas,
801 917 887 956 quae
924 904 1058 944 rusfice
1100 895 1284 962 Shelesy
1327 902 1365 941 &
1409 904 1514 955 apud
1562 904 1749 947 Ukranos

214 970 374 1037 Salas—'91
415 977 576 1026 cluunt,
611 978 720 1017 unde
762 976 1062 1015 abbreviatione
1099 973 1338 1024 adjeffivum
1367 967 1548 1034 Sirgfkoi
1575 999 1624 1005 —
1657 989 1749 1017 cum

208 1049 411 1089 additione
447 1040 689 1108 Sffihenae
739 1043 958 1100 (catulus)
1015 1045 1249 1086 effecerunt.
1346 1043 1486 1094 Itaque
1545 1044 1753 1089 decantata

209 1122 334 1162 virtus
367 1118 525 1171 Regum
558 1116 698 1157 Galliae
734 1118 838 1170 apud
872 1117 1062 1158 Ukranos
1091 1114 1302 1156 admodum
1335 1115 1455 1153 obvia
1479 1117 1517 1155 δε
1553 1118 1641 1157 vilis
1671 1117 1749 1168 est,

210 1204 288 1232 nec
312 1190 427 1241 spero
459 1190 589 1230 minus
625 1189 768 1230 efficax
777 1220 791 1243 9
822 1188 851 1228 fi
887 1187 981 1240 quid
1009 1186 1298 1240 imaginationis
1325 1186 1430 1226 vires
1455 1187 1495 1227 in
1529 1186 1621 1230 istos
1648 1201 1751 1230 mor-

205 1264 281 1304 bos
315 1262 466 1303 valent.

646 1411 651 1418 x
742 1334 1217 1387 DESCRIPTIO

525 1418 885 1470 MVRIS
971 1415 1426 1466 TVPHLI.

893 1497 963 1531 Tab,
987 1498 1065 1530 VII.

352 1562 505 1615 Moles
537 1567 660 1608 Citilli
704 1567 927 1606 mediocris.
1012 1557 1164 1623 Caput
1203 1577 1387 1617 magnum
1423 1576 1565 1608 trunco
1607 1569 1746 1620 latius‚'

214 1642 328 1694 supra
353 1642 537 1692 planum,
574 1639 708 1679 subtus
734 1637 960 1676 mandibula
989 1636 1173 1688 gibbum,
1199 1637 1383 1688 utrinque
1409 1650 1430 1676 a
1454 1638 1546 1678 naso
1574 1639 1621 1678 ad
1647 1648 1745 1680 tem-

216 1725 313 1765 pora
358 1712 468 1752 corio
507 1708 711 1750 iircrafl'ato
750 1709 985 1755 cannatum,
1032 1707 1203 1758 pilisque
1239 1707 1371 1758 rigidis
1408 1711 1746 1763 convergentibus

216 1782 434 1830 cristatum,
472 1779 589 1821 cristis
627 1779 739 1819 simul
774 1791 862 1818 cum
896 1777 989 1817 naso
1034 1776 1343 1828 semiellipticam
1389 1780 1536 1830 aciem,
1581 1781 1745 1832 planum

215 1855 374 1895 verticis
408 1852 705 1898 terminantem,
740 1847 1090 1896 constituentibus,
1141 1848 1192 1887 ita
1232 1856 1276 1886 ut
1320 1848 1489 1901 desuper
1526 1850 1744 1903 inspedtum

218 1934 336 1977 caput
369 1923 536 1964 formam
564 1921 707 1972 spathae
744 1919 993 1959 rotundatam
1027 1918 1183 1958 referat.

354 1987 516 2054 N‘lsm
550 1994 671 2040 latus,
716 1990 1010 2041 cartilagincus,
1057 1990 1242 2039 utrinque
1289 1991 1421 2031 versus
1468 1991 1618 2031 cristam
1660 2005 1744 2044 my-

216 2066 382 2106 staceam
421 2064 566 2115 angulo
602 2062 713 2102 molli
748 2059 890 2112 rugoso
928 2059 1152 2109 dilatabilis,
1191 2060 1414 2112 depressus,
1465 2062 1638 2114 retusus,
1684 2063 1742 2103 su.

218 2150 286 2188 pra
322 2138 483 2187 planus,
528 2134 630 2174 facie
679 2130 920 2171 transversim
971 2131 1214 2178 lanceolata,
1270 2132 1405 2173 subtus
1442 2133 1565 2184 usque
1603 2134 1650 2174 ad
1687 2135 1748 2175 in.

221 2207 362 2247 cisores
397 2207 527 2246 nudus
564 2204 601 2244 &
639 2203 817 2243 declivis.
891 2196 1049 2244 Nares
1084 2201 1218 2242 subtus
1250 2203 1505 2243 remotissimae
1541 2205 1746 2257 rotundae3

219 2276 370 2318 sciffura
387 2278 519 2316 lunata
541 2275 673 2316 versus
690 2273 905 2326 marginem
924 2281 1200 2322 excurrentes,
1218 2272 1304 2314 stria
1320 2273 1421 2327 septi
1439 2274 1598 2317 latiffimi
1623 2277 1749 2332 nulla3
