2032 2630
590 243 757 282 LEPVS
810 242 1132 280 VARmmms,
1577 253 1589 275 2
1609 255 1632 288 9

85 335 304 384 ssdentiffime
330 338 413 379 h'oc
442 335 628 389 sequenti
653 336 744 378 casu
773 336 949 378 discitur:
1020 336 1149 376 Anno
1176 336 1290 387 1768.
1327 336 1375 376 ab
1403 336 1515 377 initio
1536 336 1631 378 Νοέ

87 411 260 451 vembris
287 406 475 450 Erminea
507 417 550 449 et
575 407 771 449 Mustelas
805 410 940 459 plures
971 408 1130 455 niveas,
1169 417 1213 447 ut
1242 407 1348 458 apud
1377 419 1451 449 nos
1479 408 1627 460 hyeme

87 483 212 534 vulgo
245 479 357 531 sunt,
394 478 581 519 distinctis
601 476 750 519 'caveis
787 479 955 526 nutrivi,
1000 477 1241 517 voraciffima
1271 479 1388 519 ambo
1425 481 1627 530 animalia,

85 560 135 592 ut,
155 562 242 605 quae
269 551 370 602 saepe
398 563 476 591 una
503 549 567 590 die
593 546 611 610 ξ
639 549 708 590 vel
733 544 753 610 Ξ
777 543 1138 601 proprii'ponderis
1164 548 1402 602 digererent.
1476 549 1557 590 Sub
1583 550 1629 590 fi-

85 631 180 663 nem
214 621 455 662 Decembris
499 632 522 661 e
559 619 745 661 Mustelis
786 631 866 660 una
919 618 1066 673 (paulo
1100 620 1296 671 tepidiore
1334 621 1430 661 loco
1468 619 1627 675 habita)

85 693 316 745 aegrotavit,
352 690 511 731 fastidio
538 691 674 743 pabuli
699 700 740 731 et
766 689 910 730 foetore
945 688 1050 730 forte
1080 701 1215 730 caveae
1240 689 1462 739 debilitata,
1498 694 1631 742 periit-

85 773 165 815 que
190 763 303 802 initio
330 762 498 802 Ianuarii
523 763 727 802 emaciata,
796 761 941 802 Inveni
971 770 1067 802 tunc
1101 773 1175 812 per
1203 769 1333 800 totum
1365 760 1520 802 dorsum
1550 762 1631 814 jam

84 833 249 874 densum
285 831 521 874 succreviffe
556 831 730 873 aestivum
764 833 887 883 pilum
915 831 1247 884 gryseo-fuscum
1278 841 1319 871 et
1351 831 1530 873 defluere
1557 834 1630 885 hy-

83 903 264 944 bernum.
340 904 396 944 At
430 905 582 956 reliqua
615 904 815 953 animalia,
851 902 1061 955 praesertirn
1087 901 1296 952 Erminea,
1334 915 1422 955 quae
1448 912 1536 945 toto
1563 906 1630 959 ad<

70 972 164 1016 ‚huc
192 974 370 1022 Ianuario
396 975 586 1028 viguere,
622 987 679 1015 ne·
701 975 826 1026 pilum
850 973 1014 1026 quidem
1038 981 1308 1015 mutaverunt·
1576 986 1579 989 ·

186 1116 303 1158 Patet
325 1119 420 1159 hinc
449 1130 583 1170 neque
619 1117 740 1170 frigus
767 1129 840 1168 pro
868 1115 995 1158 caussa
1022 1116 1215 1158 albedinis
1241 1116 1429 1170 hybernae
1456 1118 1634 1173 adlegan‘

81 1186 218 1242 poise,
255 1201 377 1240 quum
403 1196 592 1228 autumno
619 1188 698 1239 jam
724 1198 960 1240 praeparatus
997 1188 1044 1228 s1t
1076 1197 1118 1228 et
1144 1198 1324 1242 erumpat
1348 1191 1452 1241 pilus
1479 1191 1626 1242 hyber-

82 1246 158 1299 nus
196 1257 340 1312 (etiam
374 1260 413 1298 in
448 1257 698 1310 hypocausto
731 1259 902 1299 altilibus
943 1257 1174 1311 leporibus)
1223 1262 1379 1301 mitiore
1418 1262 1514 1302 aeris
1553 1262 1626 1303 sub

82 1330 302 1381 temperie,
338 1341 456 1380 quam
482 1338 601 1378 tunc,
647 1341 768 1379 quum
808 1338 982 1370 extrema
1021 1329 1192 1380 hyeme,
1229 1331 1355 1383 rigido
1391 1331 1521 1372 adhuc
1549 1345 1626 1372 coe—

81 1401 146 1450 lo,
183 1398 336 1440 aesti'vus
361 1399 464 1450 pilus
495 1400 534 1439 in
567 1408 661 1440 cute
692 1399 903 1451 expeditur
938 1409 979 1440 et
1005 1400 1083 1451 jam
1117 1403 1310 1453 erumpit,
1346 1404 1459 1443 nullo
1494 1403 1625 1444 adhuc

83 1471 249 1511 externo
277 1470 409 1509 calore
435 1469 690 1511 fomentatus.
765 1470 940 1511 Videtur
975 1472 1110 1522 itaque
1141 1475 1277 1523 potius
1308 1473 1557 1514 abundantiae
1586 1485 1628 1516 et

81 1541 225 1581 mitiori
261 1540 387 1581 indoli
420 1539 629 1582 succorum
664 1541 917 1582 tribuendum
954 1540 1061 1592 effe,
1103 1544 1214 1593 quod
1251 1553 1442 1584 autumno
1477 1547 1628 1598 largum

82 1610 328 1663 densumque
363 1612 499 1652 vellus
521 1612 774 1662 animalibus,
821 1614 937 1652 etiam
965 1613 1201 1665 pinguibus,
1238 1615 1336 1654 licet
1366 1615 1427 1656 his
1459 1616 1629 1668 tardius,

81 1683 195 1723 citius
219 1693 321 1726 vero
349 1681 592 1735 sanguineis,
638 1684 834 1734 luxuriet,
879 1674 1128 1735 quocontra
1165 1685 1321 1735 hyemis
1353 1685 1529 1737 injuriam
1559 1688 1627 1728 de-

79 1753 320 1803 fenduntur3
357 1755 538 1806 penuriae'
561 1762 699 1794 contra
724 1755 899 1795 alimenti
927 1755 1064 1796 deberi
1095 1756 1288 1806 brevem,
1325 1757 1626 1811 imperstffim,

79 1826 285 1874 rariorem,
335 1823 447 1865 fimul
483 1833 615 1865 tamen
663 1824 731 1878 (ct
767 1825 819 1865 ob
853 1825 893 1864 id
926 1823 1077 1879 ipsum)
1123 1826 1339 1868 craffiorcm
1374 1829 1499 1880 pilum
1532 1829 1626 1870 aesti-

78 1907 188 1937 vum.
295 1894 529 1946 Poteritque
565 1895 724 1936 forsitan
758 1896 904 1936 biliosae
937 1897 1133 1949 sanguinis
1171 1897 1401 1949 dyscrffiae,
1456 1913 1477 1940 a
1511 1901 1626 1943 nimis

79 1964 239 2006 subacto
267 1975 308 2006 et
334 1965 506 2006 exaltato
532 1966 615 2006 fine
642 1968 907 2007 renovatione
935 1980 1076 2008 cruore
1108 1978 1224 2018 ortae,
1263 1969 1379 2010 tribui
1406 1971 1523 2011 etiam
1555 1972 1626 2014 σοι’-

78 2036 140 2076 lor
163 2036 376 2086 intensior,
414 2038 452 2076 in
479 2035 608 2077 rufum
643 2039 879 2089 luteumque
906 2037 1100 2089 tendens,
1137 2038 1276 2079 aestivae
1304 2039 1446 2088 vestist,
1483 2042 1629 2094 quem-'

80 2106 294 2147 admodum
337 2107 478 2147 bilioso
524 2117 875 2160 temperamento,
928 2110 996 2148 vel
1039 2110 1212 2160 morbo,
1268 2112 1367 2151 cutis
1413 2112 1622 2154 hominum

77 2189 243 2229 quoque
271 2179 461 2227 colorari,
498 2191 682 2232 aegroque
710 2180 780 2220 vel
811 2180 1027 2220 macilento
1057 2179 1180 2220 livida
1203 2182 1272 2221 vel
1297 2180 1445 2232 pallida
1473 2185 1622 2225 evade-

77 2258 120 2288 re
144 2248 268 2295 solet;
305 2248 412 2287 bene
438 2250 590 2290 nutritis
615 2259 753 2291 contra
779 2260 820 2291 et
844 2250 1084 2292 succulentis
1113 2252 1346 2304 corporibus
1375 2260 1495 2305 atque
1519 2264 1617 2295 tem-

75 2319 314 2372 peramentis
337 2317 633 2375 phlegmatico-
618 2318 863 2377 -sanguineis
900 2323 988 2363 alba
1022 2332 1062 2362 et
1092 2331 1230 2364 tenera
1261 2323 1418 2375 evadit,
1455 2324 1617 2378 respon-

923 2385 961 2437 B
