1948 2630
195 182 269 222 240
739 170 862 207 MVS
913 171 1185 207 GREGALIS.

200 271 429 324 regionibus
466 268 914 320 'Transba'i‘kalenfibus,
970 269 1169 324 praecipue
1206 269 1395 311 Dauuria.
1488 271 1548 312 lbi
1593 271 1745 315 seilic'e't

200 343 424 392 abundant,
474 342 544 382 ubi
588 341 752 392 copiose
799 341 937 381 crescit
981 340 1128 393 Lilium
1181 343 1446 395 pomponium
1502 343 1541 384 δι
1590 345 1743 386 Allium

198 412 480 462 tenuissimmn,
528 412 639 464 cujus
675 413 787 454 bulbi
824 411 945 463 fatui,
992 413 1228 463 subdulces‚
1272 415 1341 453 vix
1378 414 1584 455 alliaeeum
1627 416 1740 468 sapo-

196 497 279 526 rem
325 484 487 524 habent.
576 482 652 524 His
692 486 796 525 enim
842 485 973 525 bulbis
1022 483 1086 538 Q&
1142 483 1300 524 Trifolii
1350 482 1572 537 Lupinastri
1631 486 1737 527 forte

192 553 414 608 radicibus>
451 557 650 607 praecipue
696 555 906 605 metuant,
943 556 1018 597 hos
1056 557 1251 608 colligunt
1287 556 1327 597 in
1354 556 1508 608 hyemis
1541 557 1735 598 solatium.

193 626 343 679 Estque
398 627 482 667 haec
534 627 687 678 speeies
737 629 927 676 murium,
982 627 1092 678 cujus
1124 628 1252 667 Allia
1296 627 1462 678 insipida
1511 629 1738 682 colligentis

195 700 444 739 mentionem
489 698 587 738 fecit
631 711 893 739 GMELles
937 692 1061 743 Flm'.
1091 691 1176 758 fil),
1218 692 1254 742 J.
1290 704 1335 758 p.
1375 691 1467 746 62.
1548 699 1736 752 Semper,

199 779 242 811 ut
289 769 431 822 adfigi,
483 772 629 809 elatum
677 770 714 809 δε
759 769 905 810 siccum
951 770 1077 810 soium
1122 778 1323 821 quaerunt‚
1369 770 1438 809 vix
1481 771 1521 810 in
1567 771 1738 811 humidis

197 843 338 893 pratis,
376 841 589 892 insulisque
626 841 858 890 fluminum,
907 854 993 892 quae
1042 841 1133 896 {oca
1177 839 1241 880 M.
1290 852 1503 881 oeconomo
1548 840 1737 893 frequen-

199 914 252 953 tia
287 912 396 962 sunt‚
433 913 693 952 cuniculatur.
766 910 865 951 Inde
908 909 1070 951 forsitan
1106 923 1185 951 nec
1227 912 1414 965 migrantt,
1460 913 1556 952 mihi
1600 913 1737 954 saltem

197 983 249 1024 de
277 983 421 1023 horum
456 983 754 1035 migrationibus
790 994 874 1023 non
900 981 1074 1033 constat,
1110 982 1207 1022 licet
1228 981 1474 1024 verosimiles
1501 983 1594 1023 inde
1618 983 1736 1034 fiant,

198 1055 309 1109 quod
345 1055 459 1094 variis
495 1055 535 1094 in
571 1055 671 1094 locis
710 1054 796 1095 satis
834 1053 1047 1094 confertim
1093 1053 1295 1102 habitent,
1337 1054 1555 1106 pluresque
1598 1054 1736 1106 saepius

197 1127 239 1168 in
274 1137 357 1167 uno
396 1135 531 1176 antro,
569 1125 681 1177 quod
715 1126 945 1178 migratoriis
989 1125 1163 1166 muribus
1209 1124 1387 1165 solemne
1433 1123 1502 1165 est.
1583 1124 1739 1167 Dome-

198 1196 332 1238 sticam
383 1198 505 1237 vitam
563 1209 766 1249 nunquam
813 1206 1032 1250 appetunt,
1080 1196 1147 1236 sed
1195 1195 1425 1236 Nomadica
1469 1197 1511 1236 in
1554 1197 1737 1237 libertate

196 1270 356 1309 vivunt.
438 1263 676 1312 Cameram
718 1280 791 1320 pro
837 1268 958 1317 nido,
1000 1267 1086 1308 fere
1131 1266 1246 1308 instar
1290 1266 1354 1306 M.
1400 1269 1623 1318 oeconomi,
1668 1268 1738 1309 sub

199 1341 283 1392 ipso
318 1339 473 1391 caespite
513 1339 600 1379 satis
640 1339 844 1392 spatiosam
886 1348 1051 1388 cavant,
1109 1337 1257 1379 ostiolis
1300 1340 1607 1390 circumquaque
1651 1342 1740 1391 plu-

199 1413 304 1452 rimis
336 1409 442 1451 foras
480 1412 680 1462 perviam,
726 1423 773 1450 ea
819 1410 1063 1463 differentia,
1111 1410 1222 1460 quod
1265 1417 1405 1448 terram
1453 1408 1600 1450 ostiolis
1644 1421 1736 1463 ege-

199 1481 295 1523 stam
339 1481 453 1533 supra
494 1493 638 1522 cavum
686 1483 768 1521 nidi
809 1480 916 1532 quasi
960 1481 1009 1521 de
1051 1479 1235 1520 industria
1276 1481 1531 1520 accumulent
1567 1479 1605 1520 &
1640 1493 1737 1521 con-

197 1565 348 1594 vexum
408 1552 525 1593 tuber
572 1560 652 1591 arte
702 1551 892 1601 efficiant,
946 1563 1028 1602 quo
1078 1551 1215 1602 pluvia
1266 1549 1416 1590 defluat
1465 1551 1504 1590 &
1544 1563 1566 1590 a
1614 1564 1738 1603 pena-

198 1626 303 1665 tibus
337 1633 524 1663 arceatur.
598 1622 713 1662 Circa
744 1623 882 1663 nidum
932 1621 1101 1672 deinde,
1158 1622 1198 1661 in
1243 1634 1325 1672 quo
1378 1621 1532 1662 familiae
1575 1624 1735 1677 integrae

203 1695 355 1749 (mater
402 1707 492 1734 cum
541 1693 714 1746 conjuge
761 1694 799 1733 &
843 1693 1021 1744 ejusdem
1072 1694 1162 1732 anni
1205 1690 1348 1744 pullis>
1394 1693 1566 1745 degunt,
1617 1697 1735 1734 etiam

196 1760 520 1826 pW‘OJleTYIM'l'll
563 1776 700 1805 cavata
738 1764 848 1815 sunt,
893 1763 1075 1804 duetibus
1110 1777 1131 1803 a
1163 1764 1258 1804 nido
1293 1764 1496 1814 adeunda,
1541 1777 1629 1815 quae
1667 1779 1733 1806 au-

200 1838 365 1878 tumnali
420 1833 541 1876 messe
606 1837 819 1876 bulborum
870 1834 1157 1876 leffiffifnorum
1208 1837 1379 1886 replent.
1477 1834 1639 1877 Certum
1679 1836 1736 1877 est

198 1909 353 1960 semper
384 1908 487 1947 hanc
516 1907 713 1958 speciem,
748 1919 831 1946 non
872 1905 936 1950 M.
969 1918 1244 1955 oeconomum,
1287 1907 1326 1945 in
1364 1907 1408 1947 iis
1446 1906 1604 1957 saltem,
1637 1920 1733 1959 quas

199 1982 298 2027 adii,
331 1979 559 2031 regionibus
598 1979 742 2018 bulbos
785 1979 1030 2017 liliaceorum
1067 1978 1304 2027 conquirere
1351 1973 1404 2030 ⁸¹).
1494 1978 1592 2019 Inde
1637 1991 1735 2018 con-

200 2051 405 2092 cluderem
477 2049 644 2090 Murem
680 2049 788 2089 hunc
831 2047 1006 2089 nostrum
1051 2049 1169 2088 etiam
1213 2049 1254 2088 in
1288 2048 1569 2090 Kamtschatka
1612 2050 1734 2090 abun-

246 2190 284 2235 ἢ
316 2195 353 2225 Ῐη
383 2194 564 2234 regionibus
593 2195 630 2225 ad
660 2193 826 2229 Yenifeam,
858 2194 940 2223 circa
990 2193 1049 2223 mis
1075 2191 1263 2233 profundos)
1291 2194 1320 2226 iu
1345 2195 1442 2227 antris
1462 2195 1595 2228 murium
1632 2201 1734 2240 repet:

195 2246 377 2278 Abaknnum
407 2246 594 2285 praesertim,
631 2246 681 2275 ubi
715 2245 940 2286 Erythronium
993 2249 1043 2275 tos
1067 2243 1158 2277 suiss'e
1185 2245 1299 2277 audivi.

198 2297 350 2333 thum-at,
397 2306 553 2337 nunquam
592 2296 684 2338 hujus
720 2296 830 2328 bulbos
871 2293 939 2338 (ui-
