1948 2630
208 225 279 262 ¹34
770 210 875 248 Mvs
926 209 1180 246 minvs,

206 320 307 366 potu
345 312 492 352 urinam
524 309 721 361 propriam
756 308 1007 358 lambebant3
1057 308 1202 360 seem,
1255 306 1285 349 fi
1321 319 1420 361 aqua
1456 307 1594 362 praesto
1632 306 1742 352 effet.

204 384 250 424 In
288 383 447 434 campis,
483 380 551 420 ubi
589 381 636 419 ab
674 380 787 433 aquis
819 381 962 420 remoti
998 381 1164 430 vivunt,
1201 379 1285 420 solo
1311 392 1415 421 rore·
1436 380 1474 421 ἅ
1499 380 1646 421 coelesti
1672 381 1745 422 hu-

203 466 316 495 more
352 452 451 492 sitim
487 452 670 492 tolerant.
743 451 894 493 Bibunt
928 452 1145 492 lambendo
1190 451 1228 492 &
1263 450 1487 504 parciffime.
1587 451 1743 492 Nivem

204 525 377 564 oblatam
411 522 567 575 semper
600 523 850 572 recusarunt,
887 536 1005 576 quam
1043 522 1191 572 Sciuri‚
1236 523 1423 564 calidiore
1459 522 1647 576 sanguine
1693 536 1745 563 ae.

202 594 398 644 (hiantes,
436 597 553 635 etiam
590 595 740 646 hyeme
777 607 886 646 aquae
922 592 1136 647 praeferunt
1173 594 1212 635 &
1251 593 1368 634 avide
1405 604 1560 635 vorant.
1635 593 1743 635 Con-

203 675 261 707 tra
299 665 442 717 Citilli,
479 674 524 706 ut
561 665 796 717 Marmotae‚
842 666 998 719 perdite
1037 674 1167 706 amant
1210 664 1427 716 lafficinia,
1471 667 1598 717 iisque
1645 667 1746 706 ultra

203 737 369 779 modum
406 747 588 778 ventrem
627 738 861 790 replebant,
899 746 944 777 ut
979 737 1079 790 saepe
1117 738 1210 778 inde
1248 749 1392 789 aegros,
1435 735 1546 778 fluxu
1594 737 1744 778 ventris

203 807 477 858 conflictatos,
514 810 595 848 imo
631 818 848 860 pereuntes
884 809 1064 849 viderim.
1171 807 1326 860 Neque
1373 819 1512 859 aquam
1557 809 1745 849 curabant

204 879 294 921 laeti
331 880 500 926 adfueri3
539 879 577 918 ἃ
614 892 636 919 e
674 881 821 930 campis
858 879 980 920 modo
1019 880 1136 920 adlati
1170 881 1232 919 lac
1269 880 1472 929 oblatum,
1520 877 1645 919 statim
1690 887 1744 919 at-

204 962 285 1002 que
323 948 609 1002 degustassent,
645 950 832 990 lubenter
851 950 1105 1000 hauriebant,
1132 962 1266 1002 eoque
1291 951 1460 990 maxime
1499 950 1744 992 circui-aban-

202 1030 278 1062 tnr.
352 1021 543 1061 Praeterea
577 1020 679 1073 saepe
718 1033 863 1073 panem
900 1022 1046 1073 butyro
1084 1022 1247 1070 illitum,
1292 1021 1538 1073 placentulas
1582 1021 1744 1071 butyra—

199 1098 284 1142 tas,
323 1105 460 1133 carnes
497 1091 629 1132 coelas
667 1091 705 1132 &
742 1091 896 1142 allatas,
941 1093 1021 1131 imo
1066 1093 1217 1133 lardum
1261 1090 1524 1132 comederunt
1570 1092 1742 1132 cicurati.

203 1162 257 1203 Et
295 1163 454 1215 quidem
490 1164 653 1215 pinguia
689 1164 866 1214 impense
905 1176 1032 1204 amare
1069 1163 1142 1203 visi
1177 1163 1286 1210 sunt3
1331 1162 1505 1203 famelici
1551 1175 1650 1204 vero
1687 1163 1745 1203 ni-

204 1235 282 1283 hil,
319 1233 389 1273 nili
426 1235 594 1274 maxime
633 1237 826 1275 contraria
862 1235 1116 1285 recusabant,
1163 1236 1284 1274 immo
1324 1243 1608 1284 excrementa,
1658 1246 1744 1286 quae

204 1315 395 1347 rattorum
431 1306 516 1345 fere
555 1305 712 1354 similia,
751 1307 928 1358 oblonga
964 1306 1053 1346 sunt
1089 1306 1127 1346 δε
1164 1308 1204 1346 in
1241 1306 1342 1346 nidis
1389 1318 1554 1358 quoque
1590 1306 1745 1357 parcius

204 1378 475 1430 reperiuntur,
511 1378 669 1428 propria
707 1378 962 1418 devorarunt.

291 1488 297 1493 ·
326 1469 564 1510 Naturalem
586 1470 728 1511 Citillis
755 1472 1005 1511 carnivorum
1043 1472 1264 1522 appetitum
1299 1468 1448 1520 inesse,
1484 1471 1580 1510 licet
1606 1471 1745 1510 mirum

204 1539 334 1581 videri
372 1541 537 1589 debeat‚
576 1551 726 1582 certum
765 1550 898 1581 tamen
936 1541 1004 1585 est,
1085 1540 1267 1581 Murium
1305 1541 1344 1580 &
1380 1542 1620 1582 avicularum
1656 1542 1745 1581 reli-

206 1613 315 1664 quias
352 1614 391 1651 in
430 1614 544 1652 antris
583 1612 807 1652 Citillorum
844 1614 981 1652 inveni
1018 1611 1056 1651 &
1092 1613 1281 1663 captivati
1326 1612 1477 1652 oblatas
1523 1624 1614 1652 cum
1657 1613 1745 1664 plu-

205 1684 278 1723 mis
316 1685 510 1731 aviculas,
548 1683 654 1734 quali
692 1696 889 1723 annonam
926 1684 1032 1723 bene
1069 1692 1228 1732 notam,
1272 1681 1397 1723 statim
1435 1683 1671 1736 arripiebant
1707 1682 1746 1722 &

204 1754 359 1805 semper
396 1768 416 1794 a
453 1755 586 1793 cranio
624 1755 791 1806 primum
837 1755 1104 1805 impetebant,
1154 1754 1356 1806 exesoque
1403 1755 1568 1794 cerebro
1606 1753 1745 1793 senfim

207 1825 256 1865 ad
295 1826 368 1864 alia
403 1826 644 1872 tendebant,
681 1824 781 1877 saepe
820 1834 922 1865 totas
958 1834 1098 1876 praeter
1136 1826 1212 1865 alas
1250 1824 1288 1864 &
1325 1825 1492 1866 caudam
1537 1824 1747 1865 consume-

205 1908 247 1936 re
284 1895 367 1935 vifi.
442 1895 750 1935 Verofimissime
788 1897 920 1948 itaque
940 1895 1097 1936 Citillos
1134 1897 1174 1936 in
1212 1897 1358 1948 campis
1396 1895 1434 1936 &
1468 1897 1637 1936 murium
1675 1907 1743 1936 co-

204 1968 310 2019 piam
341 1968 543 2015 minnere,
582 1966 619 2006 &
656 1965 880 2006 alaudarum
917 1968 1157 2018 aliarumque
1195 1967 1305 2007 humi
1329 1968 1590 2008 nidulantium
1624 1965 1744 2018 pullis

206 2037 352 2078 eodem
390 2036 571 2077 instinctu
609 2036 773 2077 infestos
811 2035 911 2085 effe,
949 2037 1136 2089 idemque
1174 2047 1351 2091 patrare,
1397 2037 1509 2089 qnod
1553 2039 1594 2077 in
1632 2037 1743 2076 arbo-

206 2111 281 2149 reis
320 2109 456 2149 avibus
495 2109 572 2159 agit
608 2107 765 2149 Sciurus
801 2107 971 2155 striarum
1009 2108 1117 2149 unde
1154 2106 1238 2149 nen
1274 2108 1356 2149 sine
1393 2108 1679 2157 fundamento,
1700 2108 1744 2146 li-

210 2189 278 2219 cet
324 2181 392 2218 vix
435 2180 563 2229 probe
603 2181 763 2231 cognita
799 2179 932 2227 causti,
976 2180 1078 2219 inter
1113 2181 1266 2231 rapacia
1303 2180 1566 2220 &carnivora
1602 2180 1744 2219 anima·

207 2250 257 2288 lia
294 2249 396 2298 apud
434 2262 739 2290 ssvrromvm
777 2242 1021 2309 (orlll'fhol.
1047 2243 1134 2295 vol.
1153 2244 1188 2293 I.
1212 2256 1258 2310 p.
1281 2243 1407 2308 61.)
1444 2253 1587 2291 relatus
1616 2248 1745 2289 est.—

208 2319 425 2372 Quumque
463 2320 503 2358 in
539 2323 702 2374 regione
742 2323 843 2361 cirea
879 2321 1107 2362 inferiorem
1144 2321 1295 2361 Iaikum
1317 2352 1329 2370 ‚
1373 2323 1440 2362 ubi
1477 2321 1649 2375 gigantei
1684 2331 1744 2358 re-

1540 2398 1746 2442 perluntur
