2032 2630
604 178 886 218 'ARCTOMYS
920 182 1218 219 MARMOTAE
1255 184 1475 221 AFths.
1726 196 1794 233 ¹03

252 284 302 342 p.
319 271 453 344 '746
453 272 488 339 )
525 279 576 322 de
614 281 864 333 speculatore
902 281 1193 324 Marmotarum
1219 284 1430 338 exposuit,
1475 285 1592 326 etiam
1622 286 1663 325 in
1691 286 1794 327 hanc

254 353 429 406 speciem
465 353 674 404 quadrent.

391 422 603 475 Arc'tomys
640 424 788 475 pabulo
826 436 934 464 mere
971 425 1188 476 vegetabili
1225 425 1364 467 fluitur
1400 426 1439 467 δι
1465 428 1512 467 ab
1540 430 1647 469 omni
1674 441 1792 470 carne

255 492 391 547 (quod
430 494 466 532 in
506 493 755 535 familiaribus
792 496 994 535 multoties
1032 506 1210 545 erpertus
1238 495 1345 548 sum)
1374 499 1572 539 abhorret.
1643 501 1793 541 Amant

250 566 403 617 plantas
440 566 641 605 oleraceas
679 567 825 613 varias,
863 565 902 605 &
938 565 1090 605 avidius
1126 567 1286 615 reliquis
1324 568 1603 618 campestribus
1648 573 1790 621 plantis

251 635 515 688 depascuntur
551 636 803 687 Polygonum
842 637 1066 684 aviculam,
1103 635 1338 688 Ati-mneos,
1364 637 1789 691 Chenopodia‚Plan.

250 709 446 759 taginem‚
486 705 770 755 Millefolium,
809 706 846 746 ἃ
883 709 1036 757 parcius
1074 705 1298 758 Serpyllum
1338 718 1455 760 atque
1494 709 1655 751 Salvias.
1741 712 1788 752 In

245 778 374 819 Ruffia
411 776 633 817 australiore
670 777 816 817 Blitum
854 779 1047 829 virgatum
1087 767 1252 829 ejusque
1290 779 1430 819 baccas
1469 782 1521 819 ita
1557 781 1785 837 praeferunt‚

245 858 290 890 ut
326 849 385 888 his
429 847 522 888 inde
560 840 690 889 baccis
737 860 886 888 nomen
934 862 955 888 a
993 848 1113 889 Ruffis
1162 850 1329 890 inditum
1367 849 1413 890 fit
1458 845 1784 913 (Sllrossfchye

246 912 492 981 Jagody).
565 918 610 959 In
629 918 807 960 Davuria
840 918 983 960 lridum
1020 921 1212 961 variarum
1250 922 1482 972 pumilarum
1521 923 1672 963 radices
1710 936 1782 964 ve-

238 1003 282 1031 re
320 991 481 1031 fodiunt
517 989 556 1030 &
592 990 755 1042 copiose
793 991 986 1031 cuniculis
1031 992 1228 1043 ingerunt.
1302 991 1427 1031 Domi
1465 993 1639 1033 detentae
1674 993 1781 1035 Bras-

239 1060 357 1102 fleam
399 1061 438 1100 &
487 1071 632 1112 panem
685 1061 862 1112 impense
919 1071 1148 1112 expetunt,
1204 1061 1242 1100 &
1287 1063 1347 1102 lac
1400 1062 1610 1104 avidissime
1629 1060 1653 1118 ,Ι
1695 1064 1778 1107 fine

240 1132 324 1173 ullo
362 1141 495 1171 tamen
532 1142 752 1180 murmure,
791 1141 960 1183 potant,
999 1133 1064 1171 cui
1101 1132 1138 1171 &
1175 1144 1316 1172 recens
1354 1142 1477 1184 captae
1514 1133 1638 1174 statim
1677 1137 1778 1176 inhi-

240 1213 332 1257 ant,
377 1213 511 1254 eoque
554 1203 723 1242 maxime
770 1202 992 1243 mitescunt.
1066 1202 1223 1254 Aquam
1262 1203 1434 1243 oblatam
1471 1217 1672 1256 nunquam
1718 1207 1775 1247 bi-

232 1275 349 1324 bunt,
385 1283 519 1326 neque
546 1272 725 1314 sinullus
763 1272 830 1314 diu
865 1283 986 1325 potus
1024 1273 1253 1324 offerretur,
1284 1273 1386 1313 sitire
1423 1274 1508 1315 sunt
1546 1276 1646 1315 visae.
1693 1277 1776 1318 Sed

235 1346 433 1398 propriam
469 1344 648 1384 lambunt
690 1344 862 1393 urinam,
909 1343 947 1384 ὃς
992 1346 1032 1384 in
1078 1346 1224 1395 campis
1280 1345 1416 1397 positae
1469 1346 1634 1388 humum
1686 1350 1773 1401 pin-

234 1428 355 1471 guem
401 1427 422 1454 a
467 1415 604 1468 pluvia
649 1414 845 1454 madidam
882 1414 999 1455 avide
1036 1427 1179 1456 vorare
1217 1416 1307 1456 sunt
1344 1416 1446 1456 visae.

332 1497 397 1538 Eo
436 1509 534 1537 vero
572 1497 694 1548 gradu
730 1496 886 1537 socialia
922 1497 1011 1538 sunt
1046 1499 1245 1547 animalia,
1282 1507 1327 1537 ut
1364 1500 1480 1538 etiam
1518 1501 1631 1551 plura
1668 1514 1690 1542 e
1714 1504 1770 1543 di-

226 1568 346 1610 versis
382 1557 611 1621 regionibus
649 1566 688 1607 &
723 1566 878 1608 familiis
916 1567 1078 1622 angusto
1115 1568 1240 1620 spatio
1265 1570 1524 1619 incarcerata,
1563 1572 1658 1612 licet
1682 1575 1769 1624 plu-

226 1652 289 1682 res
315 1639 389 1680 smt
416 1651 562 1687 mares,
600 1639 668 1678 vix
689 1639 791 1679 inter
816 1639 854 1678 sc
883 1640 1079 1689 rixentur,
1117 1652 1258 1680 recens
1282 1639 1462 1681 admissos
1490 1642 1675 1683 dentibus
1706 1655 1767 1685 te-

225 1713 374 1752 neriter
407 1709 636 1750 vellicando
669 1708 776 1761 quasi
802 1709 1103 1759 deosculentur,
1141 1722 1259 1762 atque
1291 1712 1344 1751 ita
1372 1711 1488 1752 facile
1522 1713 1763 1765 adsuescant,

228 1792 273 1824 ut
319 1783 436 1823 etiam
477 1782 516 1821 in
554 1781 703 1821 laxiore
749 1780 896 1831 deinde
942 1783 1036 1821 loco
1079 1782 1283 1822 liberiores
1322 1785 1524 1824 communi
1569 1785 1763 1826 consensu

223 1854 364 1907 spelaea
389 1864 529 1892 cavare
556 1850 594 1891 &
617 1850 826 1892 confertim
853 1853 996 1893 cubare
1025 1852 1200 1902 soleant,
1246 1866 1379 1904 neque
1414 1854 1464 1893 de
1499 1856 1646 1904 pabulo
1687 1856 1761 1896 dis..

226 1933 387 1977 ceptare
423 1924 571 1970 velint,
610 1922 757 1962 etiarnsi
792 1924 889 1963 alter
919 1923 1030 1962 alteri
1066 1923 1203 1973 palmis
1234 1923 1466 1973 prehensam
1501 1924 1619 1964 offam
1658 1926 1758 1978 saepe

225 2005 316 2036 ante
344 2006 389 2035 os
423 1993 635 2046 praeripiat:
691 1992 798 2044 quasi
841 1994 972 2033 omnia
1010 1994 1112 2033 inter
1156 1994 1334 2033 animalia
1367 1994 1442 2034 suae
1483 1994 1606 2048 stirpis
1649 2010 1756 2038 com-

224 2065 449 2107 communia
487 2061 565 2104 esse
591 2065 731 2104 velint.
804 2062 913 2105 Hinc
949 2065 1065 2105 etiam
1101 2065 1140 2103 in
1172 2065 1423 2115 regionibus,
1461 2079 1556 2116 quas
1590 2070 1755 2110 cunicu-

221 2140 266 2179 lis
302 2137 377 2177 suis
406 2135 571 2176 idoneas
611 2136 868 2187 experiuntur
908 2135 946 2175 &
979 2123 1048 2175 ubi
1085 2135 1214 2174 herba:
1253 2134 1342 2186 ipsis
1379 2146 1493 2189 gratae
1530 2138 1752 2188 abundant,

220 2207 372 2261 copiosi
405 2206 486 2246 sine
517 2207 683 2260 pugnis,
719 2208 839 2247 immo
865 2205 1081 2247 familiatim
1113 2207 1153 2245 in
1183 2208 1385 2246 communi
1413 2207 1666 2249 subterraneo
1698 2212 1753 2249 la.

216 2278 405 2332 byrintho
441 2277 682 2325 cohabitant.
773 2277 865 2332 Qua
907 2279 1043 2318 indole
1087 2277 1286 2329 praecipue
1322 2278 1509 2319 differunt
1542 2292 1563 2319 a
1588 2279 1749 2331 Citillis‚

1000 2347 1039 2386 O
