1948 2630
167 194 240 232 370

439 416 1428 504 SCIVRORVM

210 570 549 624 SPECIES
592 568 1028 637 QVAEDAM
1058 565 1657 618 ILLVSTRATAE.

165 707 486 820 LxNNAEvs
524 713 676 766 species
714 711 962 760 sciurorum,
1001 717 1204 762 quotquot
1239 718 1377 759 norat,
1421 709 1528 750 recte
1567 708 1605 750 &
1643 721 1705 748 ca-

282 787 335 827 ste
374 785 557 827 distinxit.
632 783 711 823 Sed
749 785 813 824 alii
849 784 950 822 inter
986 779 1267 822 recentiffimos
1295 779 1505 833 Zoologos
1543 783 1581 819 in
1625 780 1710 830 qui-

165 859 330 900 busdam
376 855 472 907 lapsl
517 855 624 904 sunt,
680 866 776 905 quas
820 850 995 905 adtigisse
1040 864 1124 892 non
1168 851 1309 890 inutile
1347 852 1445 901 erit,
1491 850 1700 902 quousque

166 930 263 970 mihi
299 928 467 978 liquent.

311 1024 595 1055 BeroN1vs
638 1002 830 1062 primum,
886 1008 1053 1050 credidit
1100 1001 1308 1053 Scirlrmn
1346 1010 1613 1050 americanum
1650 1004 1710 1053 ci-

170 1095 351 1132 nereum
387 1085 502 1123 etiam
540 1084 580 1122 in
617 1081 717 1121 Aflae
755 1080 793 1120 &
827 1078 1000 1131 Europae
1035 1080 1323 1124 borcalioribus
1349 1079 1443 1129 dari,
1478 1082 1598 1120 immo
1628 1079 1708 1120 Sci-

170 1159 231 1198 uri
267 1157 437 1208 vulgaris
474 1154 704 1193 varietatem
742 1151 768 1191 s.
806 1152 952 1190 larvam
982 1151 1209 1200 hyemalem
1240 1151 1438 1191 cineream
1464 1150 1513 1191 ad
1540 1150 1710 1191 eandem

172 1228 348 1279 speciem
383 1225 583 1278 pertinere
622 1223 660 1262 &
697 1234 718 1261 a
754 1221 892 1261 Sciuro
929 1220 1021 1260 rufo
1059 1219 1192 1260 aestivo
1224 1220 1411 1273 specifice
1441 1220 1597 1262 differre
1622 1233 1713 1274 pro-

171 1298 379 1338 nunciavit
395 1288 529 1355 (hlst.
557 1297 651 1337 nat.
676 1285 763 1337 vol.
795 1285 848 1334 X.
870 1297 918 1351 p.
949 1299 973 1336 Ι
992 1297 1079 1347 17.
1108 1285 1204 1334 edit·
1227 1286 1330 1334 min.
1362 1285 1462 1335 XX.
1490 1297 1540 1350 p.
1576 1296 1707 1353 152.

158 1359 327 1429 seqq.)
365 1366 558 1406 contraria
586 1362 788 1403 auftorurn
815 1361 1036 1402 testimonia
1071 1362 1185 1401 variis
1222 1363 1459 1413 argumentis
1496 1360 1714 1411 infirmans,

175 1451 262 1490 quae
300 1446 409 1476 extra
444 1435 670 1474 facundiam
694 1432 877 1472 Anastoris
913 1433 982 1470 vix
1019 1432 1232 1482 quidquam
1268 1431 1457 1483 ponderis
1494 1431 1655 1471 habent.

321 1498 540 1549 Celeberr,
578 1515 744 1543 PENNA
758 1514 823 1541 NT
859 1503 899 1540 in
937 1500 1106 1540 eandem
1143 1500 1376 1541 sententiam
1414 1500 1615 1542 inclinass'e
1652 1504 1710 1542 vi-

179 1577 318 1625 detur,
366 1575 460 1614 dum
504 1573 691 1624 majorem
737 1573 991 1619 varietatem,
1042 1570 1190 1621 hyeme
1229 1571 1449 1611 exalbidam
1486 1571 1712 1613 Sciurorum

177 1649 218 1687 in
255 1644 488 1698 quibusdam
526 1643 671 1683 Sibiriae
707 1643 935 1694 regionibus
973 1642 1329 1692 inveniendorum,
1375 1654 1465 1682 cum
1503 1642 1565 1682 Sc.
1605 1655 1710 1682 ame-

177 1719 312 1757 ricano
350 1717 510 1773 cinereo
550 1714 769 1754 convenire
814 1711 980 1752 credidit
1027 1704 1156 1771 (syn.
1191 1700 1251 1769 of
1269 1707 1430 1772 quadr.
1455 1717 1501 1771 p.
1544 1706 1709 1769 282.)

181 1788 399 1838 itidemque
435 1783 724 1836 nigrescentem
761 1784 1016 1830 varietatem,
1062 1783 1230 1833 alpinam
1269 1782 1306 1821 &
1343 1783 1576 1823 orientalem
1614 1783 1712 1823 Sibi-

179 1859 266 1906 riae,
320 1868 412 1895 cum
448 1854 586 1894 Sciuro
632 1855 744 1905 nigro
783 1854 1003 1892 americano
1042 1851 1248 1902 conjunxit
1294 1845 1434 1910 (ibid.
1453 1859 1500 1912 p,
1531 1847 1709 1915 284),

180 1928 296 1968 Alios
332 1927 460 1966 minus
497 1924 719 1964 celebratos
757 1923 794 1963 &
831 1934 968 1975 graves
1007 1921 1185 1963 amotores
1221 1923 1321 1962 nihil
1355 1935 1501 1964 moror.

322 2015 472 2055 Contra
516 2025 615 2054 vero
653 2011 745 2053 istos
782 2025 873 2065 non
901 2011 1054 2063 possum
1092 2025 1175 2053 non
1212 2012 1398 2062 afferere,
1443 2026 1517 2065 per
1553 2026 1715 2055 omnem

184 2099 296 2139 aeque
332 2085 536 2136 Europam
570 2084 797 2131 borealem,
835 2095 907 2134 per
943 2092 1066 2122 totam
1103 2084 1292 2134 Rulliani,
1338 2086 1455 2124 etiam
1492 2087 1714 2137 temperati-

188 2170 320 2205 orem,
372 2167 525 2207 perque
571 2153 791 2194 universam
829 2153 1006 2193 Sibiriam
1042 2153 1216 2205 speciem
1251 2163 1403 2194 tantum
1440 2157 1594 2196 unicam
1633 2156 1714 2195 Sci-

188 2238 349 2268 urorum
395 2226 544 2277 hyeme
590 2224 900 2266 cinerascentem
944 2236 1174 2275 occurrere,
1237 2237 1322 2278 quae
1368 2238 1390 2264 a
1440 2224 1576 2266 Sciuro
1622 2225 1712 2268 rufo
