1948 2630
201 204 273 242 226
752 199 852 234 MVS
906 197 1236 234 OECONOMVS.

201 300 267 341 sua
317 309 403 338 rura
456 307 662 336 excurrere
715 295 868 347 possint.
959 297 1041 337 Alii
1090 310 1111 336 a
1152 297 1248 337 nido
1298 287 1454 338 canales
1499 296 1742 341 subterranei

202 371 251 411 ad
289 371 383 409 duas
427 370 614 420 pluresve
663 367 700 406 in
745 368 1000 408 ambitusub
1045 369 1166 421 plano
1210 369 1363 421 caespite
1413 378 1569 410 cavatas
1617 372 1738 411 cellas

199 441 269 481 seu
313 441 580 498 promptuaria
625 439 818 489 tendunt,
864 440 946 480 nidi
991 441 1249 492 capacitatem
1295 439 1564 491 spithamalem
1610 442 1739 482 adhuc

201 512 469 560 excedentes,
517 523 612 561 quas
656 511 851 552 radicibus
896 512 1032 560 variis,
1077 524 1149 563 pro
1195 510 1325 561 victu,
1371 511 1540 563 provida
1582 515 1741 564 replent

200 583 454 632 animalcula,
510 581 657 622 summa
710 583 912 635 diligentia
958 571 1001 622 ⁴&
1046 595 1189 635 magno
1234 582 1370 622 labore
1416 583 1463 622 ab
1507 583 1591 634 ipso
1636 585 1740 624 veris

197 653 311 694 initio
349 654 451 693 hanc
496 665 645 705 penum
692 653 982 705 conquirendo,
1061 654 1233 694 Tantum
1276 654 1453 694 laborem
1497 654 1740 694 subterrane-

199 738 267 766 um
311 726 380 765 vix
425 725 560 765 credas
610 724 747 765 deberi
792 726 1055 774 animalculis,
1111 726 1427 778 quibus-parvae
1474 725 1512 765 &
1556 726 1738 766 imbelles

198 798 360 850 palmae,
399 797 539 836 dentes
577 795 683 836 haud
719 796 890 846 robusti,
929 797 966 836 δε
1003 798 1107 837 vires
1144 798 1181 836 in
1220 796 1329 836 fluxo
1369 809 1538 847 corpore
1567 798 1737 850 exiguae,

199 869 318 908 immo
344 868 646 915 imbecilliores,
685 880 801 918 quam
839 868 970 907 multis
1002 869 1082 907 aliis
1120 867 1413 919 congeneribus
1451 869 1572 919 longe
1610 869 1737 908 minus

198 938 414 997 laboriosis.
488 937 541 977 Et
579 946 709 977 tamen
758 939 859 978 adeo
905 937 1071 988 spatiosa
1114 938 1255 989 spelaea
1299 939 1367 977 vix
1410 950 1583 990 unquam
1627 940 1740 989 plura

199 1010 356 1050 duobus
394 1010 656 1053 animalculis,
701 1009 897 1061 conjugali
943 1008 1023 1049 fide
1068 1008 1235 1060 junctis,
1282 1009 1402 1047 immo
1440 1008 1539 1061 saepe
1588 1018 1739 1050 tantum

198 1083 360 1132 unicum
408 1090 515 1132 parat
553 1080 589 1119 δε
635 1080 858 1135 ἰηὴεῐῡίτῃῖ,Δ
893 1080 962 1120 nisi
1008 1093 1130 1131 quum
1176 1090 1366 1120 autumno
1410 1080 1627 1121 familiatim
1672 1093 1739 1121 oc-

199 1160 381 1201 currunt,
419 1165 499 1203 quo
538 1153 576 1191 in
615 1152 702 1191 casu
742 1151 840 1202 {inste
880 1153 980 1191 circa
1019 1151 1285 1202 spatiosiorem
1342 1151 1478 1191 nidum
1522 1152 1645 1202 usque
1691 1153 1740 1192 ad

200 1222 292 1267 oc'to
353 1223 423 1262 vel
481 1224 621 1263 decem
681 1225 917 1274 promtuaria
980 1222 1157 1262 distincta
1212 1221 1413 1263 instituere
1457 1222 1495 1262 δι
1544 1222 1739 1264 radicibus

197 1295 312 1334 variis
364 1295 520 1344 replere
571 1294 768 1338 dicuntur,
861 1293 969 1333 Mihi
1022 1303 1155 1334 autem
1217 1294 1314 1334 tales
1370 1294 1535 1335 familias
1597 1293 1738 1335 videre

197 1365 269 1416 ipsi
315 1377 399 1404 non
451 1367 639 1417 contigit,
692 1365 776 1432 seffi
811 1367 1017 1406 unanimes
1085 1366 1135 1404 de
1186 1366 1231 1405 iis
1292 1367 1513 1406 retulerunt
1562 1365 1738 1417 Tungufi

197 1435 408 1485 Dauuriae,
449 1438 515 1488 qui
553 1449 602 1476 ex
637 1434 812 1487 profess'o
855 1445 962 1476 antra
997 1437 1139 1475 horum
1180 1436 1516 1476 animalculorum.
1546 1445 1736 1476 autumno

198 1489 534 1560 blenaquzcmnt
572 1507 610 1546 δε
649 1520 670 1546 e
714 1507 962 1558 promtum-iis
1011 1505 1090 1559 (ob
1134 1507 1344 1546 mollitiem
1387 1505 1527 1546 suffoffi
1574 1507 1737 1558 caespitis

199 1578 306 1630 pede
355 1579 424 1617 vel
487 1577 666 1630 scipione
719 1575 836 1617 facile
893 1573 1171 1629 explorandis)
1213 1578 1295 1617 levi
1360 1577 1496 1617 labore
1547 1567 1742 1619 conceias'

198 1648 349 1689 radices
386 1649 426 1687 in
457 1648 545 1688 suos
578 1649 665 1688 usus
699 1647 937 1689 domesticos
984 1647 1208 1699 deportant.
1290 1645 1574 1689 Asseverarunt
1614 1650 1736 1689 iidem

202 1733 251 1760 ex
314 1721 428 1760 unius
483 1720 582 1771 saepe
638 1718 792 1759 familiae
843 1721 1091 1770 promtuariis
1138 1717 1337 1759 interdum
1386 1720 1485 1759 ultra
1523 1721 1664 1773 viginti
1699 1720 1738 1760 &

199 1792 356 1843 triginta
410 1792 524 1831 libras
566 1792 806 1830 -recentium
865 1790 1041 1831 radicum
1093 1789 1238 1840 effodi,
1307 1798 1352 1831 ut
1408 1802 1491 1831 non
1550 1790 1739 1832 incassum

199 1861 486 1915 investigentur
512 1861 558 1901 N
562 1862 767 1902 omadibus
800 1863 896 1914 agris
920 1862 1104 1914 hortique
1134 1862 1286 1902 cultura
1311 1862 1548 1902 carentibus.
1621 1861 1741 1903 Sunt.

201 1946 280 1984 que
305 1933 422 1985 hujus
448 1933 656 1984 praesertim
690 1932 881 1973 &Muris
908 1933 1073 1985 gregalis
1100 1933 1368 1984 promptuaria
1401 1931 1514 1986 (quae
1555 1924 1737 1995 Urgchz,

201 2017 352 2047 mutem
373 2017 471 2045 vero
499 2006 670 2044 incolam
689 1994 942 2065 Klltllglmd
969 2000 1143 2056 vocant)
1169 2003 1359 2043 notiffima
1374 2003 1569 2056 Tungufis
1594 2005 1739 2056 pariter

203 2075 241 2115 &
264 2076 463 2116 Bnraeticae
494 2077 625 2128 genti,
653 2075 796 2127 quibus
820 2076 932 2115 bulbi
960 2074 997 2114 &
1022 2076 1173 2115 radices
1198 2087 1271 2125 pro
1304 2075 1401 2114 cibis
1425 2075 1572 2127 hyeme
1599 2075 1737 2115 condi-

203 2148 337 2198 endis,
367 2147 634 2200 Sanguisorbae
662 2158 761 2187 vero
779 2145 889 2187 radix
916 2159 988 2198 pro
1008 2146 1229 2186 theaeformi
1252 2144 1381 2186 infuso
1414 2156 1656 2198 expetuntur
1680 2143 1736 2198 α).

245 2283 276 2321 ⁰)
314 2283 348 2314 ld
392 2287 468 2317 falso
507 2288 544 2317 de
587 2280 747 2318 marmotis
789 2286 946 2317 intellexit
994 2287 1065 2326 5ο.)
1086 2285 1175 2326 cujus
1199 2295 1337 2316 errorem
1363 2285 1457 2316 etiam
1487 2285 1523 2315 ab
1561 2294 1739 2315 AMMAN·

206 2346 226 2366 G
241 2348 266 2368 M
279 2346 297 2366 ε
310 2345 380 2366 LIN
394 2346 444 2367 vs
465 2337 564 2377 (Reise
587 2337 616 2367 in
642 2336 738 2369 Sibir.
766 2337 824 2370 vol.
846 2336 891 2368 II.
917 2347 949 2379 p.
999 2347 1020 2367 N
1033 2347 1053 2368 ο
1082 2335 1184 2378 (stirp.
1200 2335 1283 2367 ruth.
1306 2345 1336 2377 p.
1353 2332 1434 2378 169.)
1451 2336 1620 2376 repetitum
1639 2336 1741 2367 video.
