1948 2630
193 191 267 228 374
359 177 660 213 SCIVRORVM
690 173 900 209 SPECIES
929 167 1189 214 QVAEDAM
1217 174 1604 212 ILLVSTRATAE.

331 274 482 315 Contra
518 275 623 326 apud
666 273 775 314 Sinas
819 284 963 326 magno
1008 274 1047 313 in
1094 274 1222 325 pretio
1263 273 1345 325 est,
1401 275 1602 326 triploque
1639 272 1764 315 fere·

189 351 235 388 in¹
266 347 403 386 Sibiria
447 346 644 386 coemitur
688 339 895 388 varietas
936 336 1171 397 exalbidll‚
1233 339 1327 395 quae'
1365 346 1404 385 in
1440 345 1589 384 Pinetis
1635 346 1727 385 raris

191 430 419 470 camporum
455 415 755 465 Barabeniium,
810 416 912 455 inter
957 414 1049 454 Irtin
1098 414 1134 454 &
1182 414 1339 465 Obum,
1394 417 1570 467 itemque
1624 417 1727 456 inter

192 489 425 539 Tschulymi
472 486 724 528 confluentes
771 485 809 525 &
839 485 1035 526 Ieniseam
1073 485 1110 524 &
1145 485 1362 526 secundun]
1401 486 1562 526 tracfftum
1600 485 1726 525 Isettae

193 561 328 608 fl'uvii,
364 567 410 600 ut
445 558 484 599 &
518 559 560 598 in
596 556 725 597 Ruffia
762 556 809 595 ad
847 556 1040 596 Samaram
1067 556 1106 595 fi.
1146 557 1265 608 eique
1296 559 1587 597 conterminum
1623 557 1727 596 Vol-

191 644 247 685 gae
284 630 484 682 sylvosum
520 627 704 677 tractum,
741 628 879 668 localis
915 629 1037 677 vivit,
1075 627 1114 667 &
1148 626 1234 668 fere
1272 640 1474 680 nunquam
1508 637 1616 668 extra
1639 626 1726 668 istas

190 704 375 754 regiones
413 709 587 753 apparet.
685 697 786 738 Haec
822 711 905 737 non
943 698 1071 739 solum
1109 699 1229 749 paulo
1268 698 1390 750 major
1427 697 1483 739 est
1519 698 1724 749 Europaeis

191 773 229 813 &
273 772 443 812 Sibiricis
484 771 566 811 aliis
599 770 805 818 omnibus,
857 768 928 809 sed
966 770 1083 810 etiam
1125 768 1164 808 se
1205 768 1404 821 distinguit
1442 770 1602 821 egregie
1638 770 1725 808 vel-

188 838 271 885 lere
307 843 493 893 hyberno
531 841 823 891 pulcherrimo,
868 839 1112 889 molliffimO,
1157 838 1343 880 exalbido
1382 839 1619 880 canescente
1656 838 1726 879 seu

187 914 451 965 leucophaeo,
487 911 680 951 Larorum
717 909 838 950 dorfis
874 909 961 950 fere
998 909 1133 966 simili,
1169 909 1239 949 sed
1274 909 1566 959 subundulato,
1603 921 1725 960 quem

189 984 342 1025 aestivus
380 983 530 1034 excipit
565 980 783 1022 dilutissime
820 980 930 1021 rufus
965 980 1035 1021 seu
1070 980 1205 1021 fulvus
1239 980 1300 1021 in'
1311 980 1555 1031 junioribus,
1591 980 1632 1020 in
1671 979 1729 1019 fe-

193 1056 370 1098 nioribus
406 1053 507 1105 saepe
543 1051 657 1092 fusco
685 1078 700 1083 -
732 1050 864 1101 rufus,
909 1051 1097 1092 lateribus
1134 1051 1378 1104 quandoque
1415 1051 1729 1103 nigrescentibus

193 1127 232 1167 δι
268 1125 451 1165 extremis
487 1122 657 1175 pedibus
695 1123 804 1169 atris,
848 1124 985 1173 quales
1021 1122 1202 1174 pondere
1239 1122 1340 1173 saepe
1379 1123 1427 1162 ad
1463 1122 1729 1173 sesquilibram

191 1196 388 1238 medicam
434 1194 628 1235 accedere
673 1192 945 1246 deprehendi,
999 1190 1250 1245 longitudine
1283 1205 1305 1232 a
1349 1192 1444 1233 naso
1480 1192 1529 1233 ad
1563 1192 1729 1233 caudam

195 1261 258 1313 8.‘¹
295 1262 356 1306 ΞΜ
394 1263 518 1306 cauda
555 1258 619 1315 7.¹‘
651 1263 817 1318 (praeter
841 1265 981 1304 villum
1006 1258 1068 1302 2.“
1095 1260 1196 1316 3.“)
1221 1262 1481 1304 excedentes.
1518 1286 1569 1291 -—
1640 1261 1729 1303 Hu-

192 1341 229 1379 ic
265 1339 444 1378 varietati
480 1337 588 1388 pelle
626 1336 802 1387 hyemali
838 1335 1019 1374 simillimi
1043 1333 1189 1383 Sciuri,
1226 1334 1295 1375 sed
1321 1336 1493 1375 minores
1518 1334 1604 1374 fere
1642 1334 1730 1374 vul-

193 1410 368 1463 garibus,
406 1420 428 1446 e
466 1407 631 1457 regione
669 1405 832 1456 Kasym,
871 1404 1166 1446 Beresoviensis
1203 1404 1362 1445 ditionis
1400 1404 1641 1444 adferuntur.

329 1477 405 1517 Hae
449 1478 537 1516 sunt
573 1485 650 1516 tres
698 1477 904 1527 praecipuae
954 1476 1163 1515 varietates
1198 1474 1423 1515 Sciurorum
1457 1487 1529 1526 per
1566 1474 1728 1526 Imperi-

194 1563 263 1591 um
307 1547 503 1589 Rufficum
542 1547 806 1597 vulgatiores,
852 1547 954 1585 inter
991 1558 1085 1596 quas
1122 1555 1255 1585 tamen
1289 1547 1413 1596 prima
1451 1537 1724 1606 (vulgaris)

193 1620 365 1661 latiffime
402 1626 537 1671 patet,
574 1618 711 1657 ultima
748 1608 1027 1674 (exalbili'a)
1065 1616 1226 1656 minime
1265 1617 1443 1657 omnium
1480 1616 1652 1657 abundat
1690 1614 1728 1654 δε

195 1691 344 1744 exiguis
381 1688 564 1729 traffibus
594 1687 743 1726 inclusa
781 1685 848 1725 est.
923 1684 1023 1725 Haec
1061 1687 1189 1736 enim,
1226 1688 1369 1737 pariter
1405 1699 1450 1727 ac
1486 1688 1594 1738 nigra
1631 1686 1730 1726 vari-

187 1771 292 1811 ctas,
325 1773 346 1799 a
381 1759 462 1799 loci
496 1758 694 1809 &pabuli
740 1766 876 1796 natura
912 1758 964 1795 ita
999 1759 1202 1808 pendent,
1239 1765 1283 1796 ut
1321 1765 1430 1796 extra
1465 1757 1595 1797 solitas
1633 1756 1732 1807 regi·

196 1845 294 1874 ones
336 1830 534 1878 rariffime‚
584 1841 662 1868 nec
707 1827 779 1868 nisi
825 1826 962 1867 coaeta
999 1828 1168 1878 quadam
1215 1827 1448 1879 insolitaque
1496 1828 1728 1881 migratione

193 1910 428 1956 appareant,
481 1901 639 1951 qualem
683 1901 734 1939 de
780 1898 1059 1949 nigricantibus
1097 1897 1364 1948 Sajanensium
1410 1898 1448 1937 &
1483 1899 1728 1938 Altai'carum

192 1976 338 2025 alpium
376 1971 543 2018 Semi-is,
599 1982 670 2022 pei·
714 1971 849 2020 planas
892 1969 1076 2020 regiones
1119 1970 1222 2008 inter
1259 1969 1393 2009 Obum
1432 1968 1470 2008 &
1515 1968 1727 2016 Ieniseam,

195 2047 236 2085 in
273 2036 512 2089 Itinerllss‘ii
540 2042 618 2081 mei
659 2034 758 2085 Vol.
794 2033 857 2083 II.
876 2044 921 2097 p.
958 2031 1091 2087 660.
1119 2040 1320 2080 adnotavi.
1392 2039 1438 2078 In
1471 2038 1730 2091 Bargusmen-

189 2116 217 2155 fi
262 2114 384 2155 transtu
428 2114 497 2153 vix
543 2111 779 2151 centesimus
826 2109 985 2150 Sciurus
1041 2109 1168 2150 aestate
1215 2112 1325 2151 rufus
1378 2119 1561 2161 apparet,
1625 2122 1728 2160 quos

191 2187 246 2225 ibi
265 2195 500 2232 venatores⁷
538 2184 641 2222 inter
670 2182 825 2230 solitos,
861 2181 1043 2220 brunneo
1070 2206 1085 2212 -
1111 2182 1368 2233 nigricantes‚
1404 2190 1588 2232 tanquam
1611 2190 1730 2220 trans-

193 2256 304 2309 fugas
332 2254 557 2308 sporadicos
588 2252 838 2294 considerant
871 2251 908 2292 &
942 2252 1156 2294 observant
1187 2254 1355 2295 maxime
1393 2254 1433 2293 in
1474 2254 1581 2294 cavis
1618 2253 1729 2293 arbo-
