2032 2630
690 205 708 245 .'
730 235 824 271 MVS
876 235 1098 271 LEMMVS.
1611 245 1678 284 ,95
1724 213 1727 215 ’

150 334 217 376 das
253 334 295 374 δε
326 334 502 385 reliquos
538 333 650 374 maris
686 333 856 385 glacialis
894 334 1049 375 accolas
1085 333 1273 374 notiffima
1309 345 1372 375 res
1407 333 1474 375 est.
1556 335 1681 377 Iidem

149 417 314 457 quoque
369 403 526 444 tradunt:
568 403 770 445 Tarandos
815 403 989 444 Lemmis
1033 404 1207 455 inhiare,
1259 405 1371 445 fimili
1417 407 1595 458 appetitu
1638 418 1683 448 ut

151 475 273 515 Cervi
323 475 568 527 serpentibus
619 475 726 516 vesci
770 475 976 524 dicuntur,
1029 488 1115 527 quae
1163 487 1245 516 non
1298 477 1347 516 de
1401 477 1525 517 nihilo
1579 479 1682 519 fama

150 545 230 594 est;
281 545 350 586 sed
393 558 505 598 aeque
550 558 623 597 pro
667 547 967 587 medicamento·
1012 546 1092 585 hoc
1132 547 1177 585 iis
1220 544 1298 589 effe
1338 548 1594 599 crediderim,
1639 560 1683 590 ut

149 618 295 657 ovibus
333 616 422 657 sunt
460 629 630 667 araneae,
671 619 740 658 vel
779 615 1008 668 phalangia,
1052 628 1139 667 quae
1180 616 1390 658 avidissime
1440 619 1682 672 hoc'pecus

149 689 360 739 conquirit.
402 711 455 719 --
545 687 770 738 studiosus,
826 687 894 739 qui
942 686 1137 728 Lemmos
1185 687 1223 727 &
1281 687 1482 739 sequentis
1536 691 1683 741 speciei

149 758 294 800 Mures
331 770 383 798 ex
419 757 558 798 arffica
599 758 651 798 ad
691 758 833 799 Obums
852 758 1019 811 regione
1047 758 1206 808 retulit,
1244 759 1283 797 in
1321 759 1444 800 trac‘lu
1486 760 1538 799 ibi
1570 774 1682 800 mon-

149 830 237 869 tofo
292 838 400 868 antra
447 828 724 885 copiofiffima,
767 828 837 870 sed
882 828 1244 879 perraros-Mures
1280 829 1529 878 obfervavir3
1576 831 1682 872 dice-

148 900 291 940 bantur
327 910 458 939 autem
495 909 590 939 tunc
629 897 879 952 demigrasse,
917 900 1025 940 unde
1062 900 1138 938 illo
1171 913 1334 952 quoque
1378 913 1482 941 anno
1529 905 1683 954 parcior

148 970 415 1024 Lagopodum
477 971 640 1011 venatio
694 971 781 1011 fuit.
890 968 1131 1010 observavit
1178 980 1310 1011 autem
1365 974 1573 1012 cuniculos
1613 973 1682 1014 sub

149 1042 318 1083 cumulis
369 1040 408 1080 ὃς
464 1041 670 1082 tuberibus
725 1040 931 1092 caespitofis
980 1042 1105 1082 canali
1163 1043 1357 1081 continuo
1413 1043 1682 1091 connectente

149 1114 376 1165 complures
421 1123 571 1152 camel*
602 1142 615 1160 ,
658 1113 699 1152 in
745 1112 888 1164 quibus
932 1111 1088 1153 Lichen
1132 1111 1419 1164 rhangiferinus
1463 1124 1545 1154 erat
1587 1128 1684 1155 con-

148 1183 303 1239 gestus,
339 1195 463 1235 quem
492 1194 753 1224 L1NNAEvs
797 1184 915 1224 etiam
961 1184 1005 1224 in
1045 1182 1304 1226 Lemmorum
1347 1186 1580 1226 ventriculis
1623 1198 1684 1227 re-

146 1256 265 1307 periri
302 1253 448 1295 afferit„
899 1256 907 1257 ’

283 1347 332 1390 Ιη
366 1349 619 1389 orientaliore
665 1348 801 1390 Sibiria
847 1349 991 1391 Mures
1040 1351 1292 1403 mi'gratori‘os·
1333 1362 1407 1403 per
1462 1360 1587 1391 terras
1627 1364 1682 1392 ara

148 1419 266 1461 &sicas
308 1420 437 1472 usque·
482 1421 530 1460 ad
568 1420 721 1460 Lenam
762 1431 882 1462 notos
925 1422 963 1461 &
1007 1420 1281 1474 -Lagopodum
1331 1422 1453 1463 duces
1496 1435 1683 1474 procura-

147 1504 190 1532 re
226 1491 407 1532 mihimet
440 1503 522 1531 non
561 1493 697 1543 potui,
734 1493 918 1544 adeoque
951 1516 1001 1522 -
1036 1505 1083 1532 an
1118 1493 1172 1532 ibi
1205 1492 1415 1542 Lemmus,
1456 1494 1525 1532 vel
1563 1494 1685 1534 altera

147 1560 280 1604 nostra
313 1562 467 1615 species
511 1561 602 1616 (M.
641 1561 934 1623 torquatus),
984 1564 1053 1604 vel
1103 1565 1150 1604 ab
1199 1576 1365 1616 utraque
1414 1562 1589 1604 distineka
1631 1578 1683 1606 ex

148 1633 289 1674 eadem
328 1634 517 1674 affinitate
551 1635 670 1687 degat
713 1634 751 1674 &
784 1636 1078 1688 peregrinetur,
1108 1658 1159 1664 —-
1195 1637 1458 1686 pronunciare
1496 1647 1578 1674 non
1617 1649 1684 1676 au*-

149 1702 231 1748 fim.
306 1704 385 1745 Sed
423 1698 518 1750 Iob.
559 1701 666 1750 GeO.
705 1717 931 1745 GMELINI
978 1707 1081 1746 inter
1116 1705 1344 1756 posthumas
1381 1706 1531 1746 chartas
1567 1707 1683 1758 scrip-

147 1783 226 1814 tam
263 1775 583 1817 observationem
617 1776 778 1824 addam,
819 1788 842 1814 e
880 1789 958 1827 qua
997 1775 1215 1826 constabit,
1260 1777 1402 1816 M’ures
1437 1777 1482 1817 ad
1526 1777 1681 1818 Lenam

146 1846 391 1896 migratori'os
429 1857 511 1884 non
555 1846 685 1884 forma·
713 1846 898 1896 quidem,
944 1847 1011 1885 sed
1044 1849 1202 1894 colore,
1236 1859 1257 1884 a
1292 1846 1462 1886 Lemnio
1500 1847 1537 1886 ἃ.
1582 1847 1679 1888 Mu-

146 1927 189 1956 re
225 1924 430 1967 torquato,
466 1913 680 1955 admodum
714 1914 884 1955 differre.
958 1914 1012 1953 Et
1049 1917 1145 1956 licet
1179 1916 1364 1967 hyemale
1393 1917 1521 1957 vellus
1561 1930 1680 1958 GME-

147 1998 300 2026 Lmvs
341 1987 380 2024 in
414 1985 663 2026 Lenensibus
701 1985 992 2035 observaverit,
1036 1989 1144 2026 unde
1190 1988 1352 2028 credere
1392 1989 1478 2039 quis
1525 1987 1679 2040 posset,

146 2056 338 2098 Lemnios
390 2068 577 2107 quoque,
623 2065 667 2097 ut
715 2058 791 2095 alia⁴
835 2055 982 2115 artf'toa
1019 2058 1219 2106 animalia,
1267 2058 1685 2110 hyeme'albescere,

147 2137 280 2167 tamen
327 2127 408 2167 hoc
441 2140 461 2166 a
494 2126 653 2177 Succis,
689 2125 741 2166 δι’
768 2126 972 2180 Norva'gis
1012 2127 1331 2168 observatoribus
1372 2142 1455 2169 non
1502 2130 1680 2171 adnotari

145 2200 216 2238 vix
258 2195 427 2250 potuiss'e
462 2190 706 2239 credendum
741 2197 817 2250 est.¹
900 2198 1062 2249 Itaque,
1107 2208 1293 2250 tanquam
1345 2200 1396 2241 de
1433 2201 1551 2241 dubia
1592 2201 1679 2252 spe-

148 2271 233 2319 cie,
281 2268 452 2308 Lemmo
497 2269 634 2311 saltem
669 2272 707 2310 <Sc
753 2268 830 2310 M.·
854 2279 1040 2322 torquato
1081 2272 1283 2323 proxima,
1334 2272 1414 2325 ipsa
1457 2284 1681 2313 GMELINI

143 2340 269 2381 verba
307 2352 529 2398 apponam}
