2032 2630
623 187 904 224 ARCTOMYS
928 188 1220 225 MARMOTAE
1246 191 1465 225 AFFINIS.
1725 202 1792 237 101

250 283 436 339 poss'unt,
470 296 556 327 non
581 286 649 328 abs
676 299 718 328 re
751 289 825 329 erit
849 286 1085 339 exposuiss'e.
1159 288 1318 341 Captae,
1354 291 1473 329 etiam
1500 288 1665 340 adustae,
1690 290 1791 330 intra

251 370 404 411 paucos
432 357 516 398 dies
546 359 666 410 privae
695 357 820 408 fiunt,
853 357 1031 410 juniores
1061 369 1193 400 autem
1220 359 1346 400 statim
1374 359 1596 401 familiares.
1689 359 1790 401 Sunt

251 436 386 468 tamen
409 441 533 468 mares
566 430 687 480 paulo
731 429 949 470 ferociores
982 429 1179 480 foeminis,
1225 443 1359 483 neque
1391 433 1555 472 mordax
1586 432 1791 485 ingenium

247 499 369 550 plane
399 500 632 550 deponunt,
670 500 780 551 cujus
809 500 973 540 sexualis
999 499 1144 539 indolis
1176 503 1412 541 contrarium
1435 504 1475 543 in
1502 501 1626 542 Citilli
1649 502 1789 543 descri-

250 571 391 622 ptione
417 570 655 611 videbimus.
673 583 723 591 -·
758 569 925 610 Homini
952 572 1005 610 ita
1027 569 1165 610 senfim
1196 571 1449 626 adsuescunt,
1486 582 1532 611 ut
1557 572 1699 624 sponte
1725 586 1790 614 ac-

249 641 416 692 cedant,
452 641 659 681 blanditias
689 642 889 692 requirant
920 640 957 680 &
991 640 1198 691 praesertim
1227 641 1412 683 sedentes
1447 642 1516 683 sub
1548 642 1714 695 pectore
1748 644 1788 684 &

247 712 337 764 gula
362 712 466 751 scabi
493 721 645 761 amant,
682 713 934 762 voluptatem
964 713 1080 751 etiam
1105 713 1493 763 pandiculationibus
1521 713 1729 762 testantes;
1758 715 1787 755 fi

245 793 345 823 vero
372 782 441 823 sub
468 784 591 823 axillis
614 784 843 833 titillentur,
881 782 1150 823 morsitatione
1179 785 1261 823 levi
1287 784 1325 823 ἃ,
1350 784 1651 837 subgrunnienti
1683 798 1785 826 mur-

245 864 370 894 mure.
445 853 491 894 In
518 852 659 904 dorso,
696 855 948 905 quantumvis
972 853 1144 904 blande,
1181 856 1286 908 tangi
1311 849 1473 905 timent,
1516 859 1554 896 <St
1581 855 1610 895 fi
1641 868 1691 895 ex
1717 858 1785 897 im·

242 924 404 977 proviso
432 925 472 965 id
495 923 586 976 fiat,
625 937 716 965 cum
745 926 931 979 grunnitu
963 923 1049 965 fere
1075 927 1245 977 porcelli
1270 925 1451 979 fugiunt,
1489 928 1559 967 vel
1588 928 1627 966 in
1665 926 1786 978 posti-

242 1007 291 1036 ca
318 995 441 1036 saltim
471 998 697 1049 eriguntur,
735 996 845 1047 quod
876 997 994 1036 etiam
1021 996 1205 1036 adtonitae
1233 999 1300 1036 vel
1325 999 1427 1037 iratae
1453 997 1604 1038 faciunt
1627 997 1666 1037 &
1691 1010 1782 1039 acu·

241 1065 419 1107 tiffimum
446 1066 558 1108 simul
587 1066 797 1106 fistulatum
825 1067 978 1106 iterant.
1078 1066 1275 1107 Sedentes
1302 1069 1439 1118 palmis
1464 1067 1546 1108 sese
1581 1070 1781 1121 praecipue

244 1135 508 1188 defendunts
533 1137 674 1189 quibus
712 1136 898 1178 infestum
935 1149 1098 1190 quoque
1122 1138 1308 1178 baculum
1340 1149 1575 1188 removent,
1611 1152 1780 1192 raroque

243 1207 441 1248 mordent.
540 1207 735 1249 Clunibus
769 1209 886 1249 etiam
919 1208 1078 1248 curiosae
1114 1209 1255 1249 crebro
1288 1209 1459 1250 insident
1492 1210 1530 1250 &
1563 1209 1780 1251 comestilia

242 1280 375 1320 omnia
417 1280 555 1332 palmis
602 1280 821 1321 retinentes
865 1279 1142 1331 depascuntur.
1257 1272 1420 1321 Aestate
1467 1293 1634 1322 voraces
1668 1281 1777 1330 sunt;

239 1349 308 1391 sed
340 1351 590 1404 pinguiores,
617 1350 836 1403 ‘praesertim
872 1351 1045 1402 hyeme,
1082 1350 1295 1402 parciffime
1336 1352 1567 1392 comedunt.
1676 1338 1778 1406 Quae

238 1422 406 1473 primum
442 1430 565 1472 captae
598 1421 812 1462 immodice
841 1422 902 1461 lac
935 1423 1248 1474 ingurgitarunt,
1303 1433 1490 1476 aegrotare
1527 1423 1565 1463 &
1597 1423 1779 1463 diarrhoe-

241 1503 302 1532 am
352 1492 446 1532 inde
492 1493 575 1543 pati
616 1491 780 1540 solent3
841 1493 1010 1533 adsuetae
1053 1493 1208 1534 nonnisi
1249 1506 1367 1544 parce
1410 1495 1556 1534 eodem
1597 1504 1774 1534 utuntur.

234 1562 342 1605 Pane
374 1563 577 1604 lubentius
615 1563 788 1604 secalino
822 1565 966 1617 nigr0‚
1014 1563 1161 1604 deinde
1194 1563 1357 1604 Brassica
1398 1568 1436 1604 (St
1470 1566 1599 1617 pomis
1640 1567 1775 1617 praeci-

234 1645 315 1686 pue
355 1635 405 1674 ali
438 1636 596 1674 volunt.
616 1633 979 1684 —Excrementa‚
1032 1636 1175 1686 quibus
1215 1645 1380 1676 curvato
1414 1645 1556 1676 trunco
1590 1638 1773 1688 elataque

234 1705 361 1746 cauda
387 1704 425 1745 se
454 1706 642 1755 liberant,
682 1705 837 1757 semper
867 1707 908 1745 in
940 1717 1051 1747 certo
1084 1708 1339 1748 conclavium
1373 1709 1518 1760 angulo
1547 1707 1772 1758 deponunt,

231 1776 422 1827 leporinis
453 1775 608 1825 similia,
645 1776 872 1830 globulosa‚
910 1777 1009 1818 fabis
1040 1779 1224 1829 aequalia3
1262 1778 1577 1830 veriffimumque
1607 1777 1663 1818 est
1690 1790 1773 1817 cer-

234 1855 274 1887 ta
308 1848 349 1886 in
383 1847 499 1888 antris
533 1846 767 1888 diverticula
802 1861 875 1900 pro
911 1849 1078 1897 cloacis,
1118 1850 1158 1888 in
1193 1849 1383 1889 societate
1411 1851 1634 1890 viventium
1663 1862 1772 1889 com-

232 1918 439 1968 munibus,
476 1918 635 1958 servire.
708 1917 874 1958 Urinam
915 1930 1014 1959 vero
1055 1921 1255 1972 propriam
1294 1931 1456 1960 omnem
1501 1931 1570 1960 ore
1612 1920 1769 1960 haurire

232 1988 375 2030 solent.
393 2013 444 2020 —-
461 1988 621 2029 Tcrritis
647 1988 777 2029 cursus
801 1989 1052 2030 saltabundus
1083 1992 1263 2042 ineptus,
1302 1990 1432 2030 erecta
1469 1992 1614 2039 cauda,
1651 1991 1690 2030 ἃ
1714 1992 1768 2031 ita

231 2058 417 2108 rusticus,
453 2069 498 2099 ut
520 2061 559 2099 in
583 2060 704 2099 obvia
732 2060 881 2112 ubique
906 2061 1135 2114 impingant.
1208 2062 1284 2101 Per
1309 2062 1478 2101 humiles
1506 2060 1651 2102 fissuras
1671 2074 1767 2102 con-

233 2140 312 2180 tra,
349 2130 419 2170 ubi
444 2128 514 2171 {rix
547 2140 667 2182 caput
704 2131 868 2183 oblique
901 2135 1162 2174 transmittere
1197 2142 1372 2184 queunt,
1408 2133 1564 2182 reliquo
1593 2145 1762 2184 corpore

231 2202 273 2241 in
305 2201 467 2252 planum
502 2201 663 2242 dilatato
698 2201 816 2243 facile
850 2202 888 2242 &
925 2203 1163 2244 dexterrime
1197 2205 1421 2254 enituntur,
1457 2202 1598 2243 validae
1629 2205 1668 2245 in
1696 2216 1763 2256 ge-

228 2283 327 2314 nere
359 2273 507 2316 viribus
540 2272 579 2314 &
605 2274 655 2315 ad
685 2263 785 2316 ictus
815 2274 1028 2326 casusque,
1064 2285 1109 2317 ut
1139 2276 1231 2316 vitae
1263 2287 1388 2330 genus
1420 2276 1667 2328 requirebat,
1698 2287 1761 2315 ro-

934 2356 1035 2412 02
