1948 2630
178 213 246 250 132
747 201 846 237 MVS
875 199 1130 237 CITILLVS.

311 301 469 343 Multos
504 299 612 340 domi
646 299 762 341 alicui
794 293 972 348 Citil'los‚
1017 309 1230 351 moresque
1275 299 1448 340 animalis
1491 293 1722 354 simpliciffi-‘T

171 387 257 415 mos
297 373 333 412 &
373 374 569 413 innocuos
607 370 733 412 otiose
767 371 1060 423 contemplatus
1097 369 1193 410 sum.
1267 369 1448 411 Noctem
1481 372 1635 420 semper
1653 380 1712 412 to-

172 454 250 485 tam
289 443 404 496 sopiti
441 442 671 495 quiescunt,
709 456 729 483 a
756 443 879 494 prima
911 441 988 493 jam
1021 441 1188 494 vespera
1225 442 1425 495 torpiduli.
1523 443 1636 494 Saepe
1675 442 1722 483 δι,

171 516 367 569 interdiu,
404 516 541 566 pluvia
572 515 742 554 maxime
769 514 808 554 δι
840 513 1062 566 procellosa
1088 512 1344 565 tempestate,
1381 515 1589 566 plenoque
1614 526 1712 554 ven-

169 595 229 626 tre
262 585 479 638 sopiuntur.
552 585 794 635 Dormiunt,
832 585 1015 626 clunibus
1052 584 1298 633 insidentes,
1344 586 1589 639 conglobato
1627 597 1713 626 cor-

168 668 293 711 pore,
331 658 469 710 palmis
509 656 548 697 &
580 658 709 710 capite
750 658 853 696 inter
894 655 1071 708 projecta
1112 655 1266 697 femora
1313 658 1554 706 recondito,
1600 667 1713 697 more

168 728 325 781 prorsus
357 728 597 780 Aretomyos
633 727 670 769 &
709 727 942 776 Marmotae‚
981 728 1214 779 quibuscum
1246 727 1431 768 summam
1462 730 1584 768 totius
1619 727 1715 768 stru-

174 799 312 848 cturae,
357 800 500 840 indolis
531 802 569 840 &
606 798 724 840 faciei
763 799 1055 839 similitudinem
1097 799 1276 850 habent,
1330 799 1512 851 agiliores
1555 808 1713 849 tamen,

170 872 382 921 minusque
417 870 579 922 stupidae
614 871 709 910 mihi
744 870 846 911 visae.
920 869 1071 910 Somno
1102 871 1337 921 plerumque
1371 870 1473 911 adeo
1508 869 1712 923 profundo

170 951 353 992 torpent,
390 952 433 982 ut
469 953 568 995 aegre
603 943 846 990 excitentur,
885 940 1128 981 dormientes
1164 940 1330 980 subinde
1355 941 1395 980 in
1420 942 1519 982 latus
1549 942 1714 994 provol-

170 1021 335 1061 vantur,
372 1013 453 1051 imo
484 1025 534 1052 ex
566 1013 704 1052 altiore
739 1014 833 1052 loco
870 1012 1078 1061 decidant,
1111 1011 1374 1063 jaceantque,
1418 1011 1519 1064 saepe
1562 1013 1715 1064 aliquot

172 1084 354 1132 minutis,
394 1083 501 1134 quasi
539 1084 753 1124 exanimes.

314 1163 553 1211 Ambulant,
591 1162 789 1203 subsultim
828 1170 1010 1210 currunt,
1048 1162 1088 1201 in
1122 1161 1260 1201 clunes
1293 1163 1361 1202 vel
1390 1163 1489 1202 talos
1514 1162 1622 1202 varie
1644 1163 1716 1202 eri-

172 1244 317 1288 guntur
356 1233 748 1286 circumspectantes,
787 1246 956 1284 corpore
994 1232 1158 1272 extenso
1196 1232 1234 1272 ἂι
1279 1231 1498 1273 divaricatis
1538 1234 1715 1274 cruribus

172 1306 270 1344 eniti
303 1315 422 1357 atque
455 1304 644 1358 angustias
683 1306 873 1357 quasvis,
895 1303 922 1343 s1
952 1304 1075 1343 modo
1111 1312 1231 1355 caput
1264 1305 1544 1353 transmittant,
1582 1317 1715 1355 perre-

172 1388 269 1428 pere
302 1374 487 1429 poffunt,
525 1377 656 1416 cibum
688 1377 882 1416 minutum
916 1374 953 1413 ἃ
982 1375 1122 1415 herbas
1153 1385 1222 1413 ore
1253 1374 1362 1414 humi
1390 1376 1606 1428 colligunt,
1635 1387 1716 1414 ma·

170 1447 276 1498 jores
311 1447 408 1487 offas
447 1448 632 1487 dentibus
665 1446 830 1486 sublatas
869 1446 909 1484 in
944 1446 1090 1496 palmas
1127 1445 1328 1495 accipiunt
1360 1444 1398 1484 &
1433 1445 1618 1486 sedentes
1652 1457 1716 1486 ro-

175 1519 297 1568 dunt,
333 1543 383 1549 —-
429 1519 562 1557 omnia
597 1519 655 1558 uti
695 1517 919 1557 Marmotae.
1026 1515 1320 1566 Lepidilsnnum
1359 1514 1415 1556 est
1451 1517 1589 1556 videre
1625 1515 1715 1569 post

171 1587 345 1642 pastum,
383 1590 451 1628 vel
489 1588 811 1640 quandocunque
850 1600 894 1627 os
924 1587 994 1626 vel
1039 1587 1165 1638 pedes
1201 1587 1477 1637 inquinarunt,
1522 1600 1599 1638 qua
1631 1589 1714 1627 dili-

174 1661 308 1712 gentia
341 1658 616 1700 &munditiei
659 1672 750 1700 cura
788 1671 871 1698 non
913 1657 1038 1697 solum
1082 1670 1126 1698 os
1172 1656 1209 1696 &
1242 1656 1416 1707 faciem,
1471 1659 1551 1697 imo
1585 1667 1715 1699 totum

174 1743 338 1782 quoque
380 1741 518 1781 eaput,
556 1731 694 1781 palmis
733 1730 866 1782 lingua
900 1728 1085 1768 delibutis
1117 1730 1412 1779 permulceant,
1458 1728 1618 1780 posticis
1645 1742 1715 1780 pe-

175 1802 290 1841 dibus
326 1800 525 1841 scabendo
559 1803 768 1852 pulverem
809 1812 830 1838 e
866 1801 1018 1840 vellere
1056 1800 1279 1849 excutiant,
1333 1799 1372 1839 &
1407 1801 1546 1851 palmis
1585 1801 1716 1852 hypo-

175 1871 370 1912 chondria
405 1871 443 1912 &
476 1882 661 1911 ventrem
694 1869 801 1922 quasl
833 1868 1006 1922 pectant.
1114 1869 1160 1910 In
1195 1881 1342 1923 genere
1383 1872 1501 1911 etiam
1537 1870 1639 1911 seabi
1677 1871 1717 1911 ὅτ.

176 1943 357 1983 manibus
396 1942 527 1983 foveri
564 1951 683 1993 atque
716 1941 933 1982 demulceri
970 1949 1121 1989 amant,
1168 1942 1350 1992 interque
1383 1941 1625 1983 scabendum
1657 1943 1715 1994 pi-

177 2013 359 2067 grescunt
392 2013 430 2054 δε
463 2012 728 2054 oscitabundae
762 2011 1084 2063 pandiculantur,
1121 2011 1331 2063 praesertim
1366 2012 1455 2064 post
1487 2012 1679 2054 somnum.
1713 2039 1715 2042 -

314 2091 470 2143 Quibus
500 2100 632 2131 tamen
663 2092 703 2130 in
729 2090 957 2140 captivitate
984 2089 1216 2130 delitescere
1242 2091 1565 2142 permittebatur,
1594 2093 1620 2130 ii
1646 2092 1716 2131 mi-

178 2175 251 2203 nus
286 2163 438 2202 cicures
475 2161 725 2211 evadebant,
762 2173 880 2212 quam
914 2162 953 2200 in
986 2161 1119 2211 aprico
1159 2160 1326 2201 detenti.
1408 2161 1591 2203 Vinculis
1617 2163 1716 2203 libe·

178 2234 249 2273 rati
276 2232 404 2272 eiecta
444 2245 683 2284 quacunque
721 2232 891 2281 latebra,
928 2230 1137 2284 praesertim
1170 2231 1351 2283 feminae,
1395 2233 1544 2283 lanam,
1589 2234 1715 2285 pilos,

179 2301 278 2342 soeni
311 2302 581 2343 &herbarum
617 2302 808 2356 quicquid
846 2305 1083 2356 conquirere
1115 2312 1322 2356 poterant,
1361 2313 1427 2345 aut
1457 2304 1487 2345 si
1528 2305 1618 2345 talia
1649 2304 1717 2344 de-
