2032 2630
414 214 727 253 SCIVRORVM
753 215 964 249 SPECIES
993 215 1259 255 QVAEDAM
1285 214 1660 249 ILLVSTRATAE.
1735 225 1805 263 375

257 324 346 354 rum
387 312 596 362 abscondi,
649 314 742 354 dum
779 315 1012 367 nigricantes
1048 325 1187 353 omnes
1221 313 1261 351 in
1294 324 1490 353 ramorum
1527 312 1798 354 bifurcationi-

259 383 333 424 bus
381 382 419 423 δε
461 383 680 424 summitate
721 385 886 435 pinuum
930 384 1046 423 nidos
1088 396 1111 423 e
1157 382 1294 422 musco
1337 381 1499 423 struc‘tos
1544 384 1707 424 habent.
1742 404 1793 413 ν-

257 452 304 492 In
347 454 575 505 regionibus
621 464 758 495 contra
795 455 1020 502 nonnullis,
1067 466 1153 504 quae
1187 455 1290 493 inter
1324 453 1566 505 praescriptos
1598 455 1793 494 varietati-

256 523 332 563 bus
378 523 455 564 istis
505 525 647 564 limites
698 509 940 564 intermediae
983 524 1020 563 δε
1067 523 1364 575 migrationibus
1420 535 1553 564 earum
1603 524 1790 577 expofitae

254 591 367 643 sunt,
409 604 453 634 ut
491 594 548 634 est
588 607 628 634 v.
660 607 714 647 gr.
749 594 890 634 tractus
930 595 1031 634 Kani
1067 597 1137 634 vel
1166 593 1284 633 Tomi
1311 593 1544 644 fluviorum,
1586 595 1640 634 ibi
1674 604 1792 646 quot-

258 666 368 705 annis
403 663 490 705 fere
533 665 756 716 promiscue
801 665 1009 715 capiuntur
1050 664 1243 713 exalbidi‚
1291 664 1602 715 plumbicolores
1637 665 1673 705 &
1704 666 1792 705 vul-

257 746 368 786 gares
405 736 577 783 cinerei3
628 737 749 774 immo
788 737 951 774 cinereo
977 759 992 765 -
1020 733 1266 774 rufescentes
1300 747 1464 785 quoque
1502 735 1789 785 immiscentur,

257 816 359 855 quos
395 804 572 854 juniores
611 805 848 856 plerumque
895 803 974 844 esse
1015 803 1264 847 crediderim.
1388 804 1433 844 In
1466 817 1615 857 genere
1657 814 1790 846 autem

254 873 378 914 Sciuri
413 887 485 925 per
521 887 682 915 omnem
717 874 894 914 Sibiriam
930 875 968 914 &
1003 873 1186 914 finitimas
1223 876 1408 926 regiones
1440 877 1611 926 alpinas,
1645 876 1693 915 ad
1722 875 1788 915 -Si-

253 956 322 985 nas
358 945 396 984 δε
432 944 637 984 Bucharos
672 945 816 996 usque,
850 946 1035 995 adeoque
1060 945 1194 985 saltem
1230 945 1277 984 ad
1303 945 1432 995 40‘’‘⁷‘’¹²
1466 946 1682 986 latitudinis
1714 947 1787 986 bo-

251 1017 365 1056 realis
395 1016 580 1067 gradum,
614 1017 653 1054 in
691 1015 819 1056 Rusfia
853 1028 952 1055 vero
985 1015 1120 1056 saltem
1162 1014 1287 1066 usque
1324 1017 1373 1055 ad
1417 1017 1787 1068 quinquagefimum

250 1086 386 1126 versus
419 1085 606 1134 austrum,
657 1086 806 1137 hyeme
853 1087 1052 1126 cineream
1085 1084 1237 1125 vestem
1268 1086 1459 1135 induunt,
1507 1087 1600 1126 dum
1642 1089 1682 1127 in
1723 1099 1784 1128 re-

248 1156 355 1208 liqua
387 1155 551 1208 Europa
584 1156 740 1196 nonnisi
774 1157 815 1195 in
848 1157 958 1196 terris
994 1156 1063 1197 sub
1101 1156 1343 1208 sexagefimo
1371 1157 1457 1198 fere
1490 1157 1611 1210 gradu
1645 1157 1783 1211 positis

249 1237 336 1267 eam
370 1228 515 1267 coloris
548 1228 809 1267 mutationem
845 1228 1072 1277 hyemalem
1102 1226 1280 1267 subeant.

386 1296 610 1349 Sporadicae
636 1298 871 1348 varietates,
899 1299 1002 1338 inter
1028 1298 1102 1338 hos
1118 1296 1272 1338 nostros
1295 1296 1474 1348 sciuros,
1500 1297 1649 1350 hyeme
1671 1299 1780 1340 cine-

244 1378 356 1417 reos,
387 1367 597 1418 praesertim
627 1368 677 1407 ad
702 1368 835 1408 album
862 1369 1040 1408 colorem
1066 1377 1159 1407 totae
1176 1369 1244 1408 vel
1260 1380 1332 1420 pro
1350 1378 1460 1420 parte
1480 1368 1785 1421 degenerantes,

244 1436 352 1477 haud
387 1439 440 1477 ita
475 1449 560 1477 raro
597 1438 805 1488 praesertim
840 1440 880 1478 in
914 1437 1073 1488 Sibiria,
1116 1448 1361 1488 occurrunt,
1405 1439 1473 1479 ubi
1511 1450 1650 1480 contra
1680 1453 1782 1480 nun-

246 1519 364 1560 quam
399 1509 519 1560 plane
552 1518 631 1547 atra
662 1508 868 1549 individua
900 1508 1108 1548 observata
1138 1507 1252 1549 fuiss'e
1285 1509 1379 1548 scio.
1454 1508 1551 1550 Satis
1590 1509 1781 1562 frequen.

244 1586 305 1618 tes
345 1587 580 1628 occurrunt,
631 1580 699 1630 qui
733 1579 881 1630 hyeme
929 1579 1072 1630 pariter
1105 1578 1143 1618 &
1178 1578 1306 1618 aestate
1339 1580 1414 1619 toti
1449 1580 1527 1619 albi
1563 1591 1775 1632 apparent,

243 1650 312 1689 vel
347 1656 458 1700 parte
490 1657 644 1689 tanturn
678 1650 838 1699 capitis,
870 1648 909 1688 &
940 1648 1040 1700 saepe
1074 1652 1228 1689 macula
1260 1650 1353 1689 hinc
1389 1651 1481 1691 inde
1510 1653 1686 1702 corporis
1717 1664 1779 1691 ru-

245 1717 272 1758 fi
299 1718 325 1758 s.
351 1719 501 1758 cinerei
527 1718 626 1758 sunt.
700 1719 767 1758 Ad
797 1718 1080 1770 Tschulymum
1107 1720 1296 1771 infignem
1330 1721 1596 1771 pulcritudine
1633 1722 1671 1760 &
1706 1720 1781 1761 sta.
1820 1709 1822 1711 ‚

240 1798 327 1830 tura
343 1787 536 1836 Sciurum,
555 1789 752 1829 varietatis
772 1788 975 1838 exalbidae‚
1003 1790 1156 1830 obtinui
1173 1792 1242 1831 sub
1265 1790 1387 1831 finem
1404 1791 1645 1842 Septembris
1668 1804 1777 1842 1771.

242 1860 307 1900 cui
336 1859 538 1899 dimidium
564 1867 706 1909 caput,
732 1872 820 1899 area
837 1872 976 1912 magna
1005 1861 1163 1900 alterius
1200 1862 1352 1910 lateris,
1379 1861 1506 1901 cauda
1529 1870 1612 1901 tota
1631 1865 1775 1914 pedes-

244 1941 323 1982 que
350 1930 461 1969 nivei
491 1938 621 1978 erant,
645 1930 797 1980 reliqua
814 1931 953 1982 partim
973 1930 1156 1981 hyberno
1185 1931 1322 1971 colore
1346 1932 1604 1987 leucophaea,
1636 1934 1777 1985 partim

243 1998 333 2042 rufo
361 1998 466 2051 pieta
485 2009 607 2043 erant.
678 2000 808 2040 Aliam
826 2012 878 2040 ex
911 1999 1063 2040 Obensr
1079 2000 1201 2041 tractu
1224 2003 1324 2042 ultra
1338 2001 1578 2043 Beresovam
1608 2003 1778 2045 adlatam

242 2070 364 2111 habui
390 2070 622 2110 varietatem
649 2070 890 2121 hyemalem,
914 2071 1048 2111 medio
1074 2080 1226 2112 tantum
1251 2081 1409 2125 tergore
1436 2074 1774 2125 longitudinaliter

244 2140 430 2182 exalbido
448 2165 464 2173 -
480 2141 780 2191 canescentem,
806 2142 993 2182 lateribus
1015 2141 1053 2181 δε
1070 2142 1203 2182 subtus
1223 2143 1371 2194 albam,
1399 2144 1568 2196 pedibus
1586 2145 1773 2186 intenfius

243 2211 365 2260 canis,
383 2209 624 2262 posticorum
644 2212 850 2253 metatarso
871 2212 985 2264 supra
1004 2225 1105 2253 cano
1124 2212 1455 2266 fuscescenteque
1475 2217 1614 2266 mixto,
1632 2218 1776 2256 exteri-

241 2294 287 2324 us
304 2282 537 2336 nigricante,
564 2281 692 2336 digitis
710 2291 842 2325 tamen
860 2284 953 2324 totis
972 2284 1096 2331 albus3
1113 2285 1293 2326 auriculis
1308 2297 1427 2338 porro
1446 2287 1637 2339 penicillo
1657 2288 1772 2342 nigri-

892 2353 924 2395 B
962 2355 987 2394 b
1023 2354 1050 2394 b
1090 2366 1111 2393 2
