1948 2630
186 184 256 222 238
760 172 860 216 les
905 171 1143 208 IACVLVS.

187 277 302 324 deat,
346 271 470 315 ῃοὸὶιι
511 271 735 314 contrariu
782 271 1038 312 orientalibus
1080 264 1315 325 regionibus
1364 271 1464 323 saepe
1509 270 1722 325 perfrigida

188 346 318 398 vagati
368 345 543 385 alacrius.
594 342 670 382 ‘In
705 341 956 394 hypocausto
999 343 1158 383 enutriti
1190 342 1360 383 interdiu
1395 343 1551 394 semper
1589 345 1630 383 in
1668 344 1722 384 la-

185 402 344 457 tebroso
377 416 499 466 loco,
532 415 602 455 vel
637 414 733 454 nido
780 415 880 454 intra
924 413 1123 454 carcerem
1181 412 1372 466 congesto
1428 423 1614 465 torpent,
1661 426 1724 454 ca-

186 497 260 542 put
305 489 539 540 prioresque
587 485 714 539 pedes
767 486 1011 538 conglobato
1057 495 1101 525 ut
1147 480 1358 525 Marmotae
1414 495 1578 536 trunco,
1619 487 1721 526 inter

185 559 338 601 femora
375 557 621 608 condentes,
655 556 831 598 flaccidis
868 556 906 596 &
951 555 1106 605 studi0‚
1154 565 1199 596 ut
1241 556 1419 605 videtur,
1461 557 1502 595 in
1547 556 1720 597 nuchatn

184 633 288 671 circa
322 639 442 683 caput
473 629 720 682 complicatis
769 626 847 682 (ne
891 625 1113 681 frigefiant)
1149 627 1303 668 auribus
1338 627 1375 667 δε
1421 628 1489 667 vel
1538 627 1721 667 clunibus

182 701 404 743 insistentes
433 701 504 741 vel
545 702 584 740 in
618 700 742 750 latus,
779 700 860 739 imo
895 697 1051 738 dorsum
1085 699 1305 751 provoluti.
1421 698 1632 750 inquietati
1680 699 1721 739 in

184 773 325 814 somno
385 771 546 824 posticis
588 771 758 822 pedibus
819 770 1048 810 amovendo
1093 769 1174 810 sese
1223 770 1443 820 aliqualiter
1483 769 1721 809 defendunt.

181 842 372 884 Protratfti
414 844 455 883 in
486 845 619 883 lucem
652 841 719 882 diu
743 843 813 880 vix
846 840 1016 892 pedibus
1051 839 1253 889 insistunt,
1293 840 1398 891 quasi
1457 839 1602 894 stupidi
1653 840 1722 881 vel

185 915 304 963 ebrii,
345 911 550 964 mutique,
599 924 678 952 nec
712 923 838 970 'aures
879 909 996 950 facile
1032 911 1140 950 vitali
1177 911 1315 963 vigore
1351 912 1528 964 erigunt,
1570 912 1720 963 vixque

185 985 235 1026 ad
269 983 486 1025 saltandum
517 983 678 1024 excitari
713 979 887 1034 poffunt‚
924 993 1082 1021 carcere
1132 981 1322 1021 calidiore
1367 980 1499 1022 forsan
1531 983 1723 1023 lentiores

185 1055 351 1104 redditi;
424 1055 590 1095 Etenim
648 1055 690 1093 in
743 1054 889 1104 campis
922 1051 1088 1103 strepitu
1142 1053 1350 1093 cuniculos
1422 1052 1724 1093 suffodientium

186 1127 304 1168 facile
359 1125 410 1167 ad
461 1125 598 1179 fugam
650 1126 882 1165 excitantur.
957 1123 1096 1163 Noete
1163 1133 1300 1163 contra
1355 1132 1439 1164 tota
1489 1122 1722 1178 grassantur,

186 1198 373 1251 cistaeque
419 1196 559 1238 inclusi
629 1194 769 1237 asseres
818 1207 896 1237 una
946 1195 1047 1247 saepe
1081 1193 1201 1234 nocte
1240 1196 1450 1246 pollicares
1483 1195 1724 1247 perrodunt,

189 1269 359 1323 angustis
396 1270 492 1309 licet
527 1268 712 1309 dentibus
756 1267 794 1307 &
838 1266 1041 1306 debilitate
1087 1267 1228 1306 virium
1279 1267 1348 1306 vix
1392 1275 1544 1307 tantum
1586 1268 1724 1307 valere

186 1341 409 1382 videantur.
507 1339 679 1380 Carcere
720 1338 835 1379 emisti
877 1336 1069 1378 vividi&
1111 1335 1249 1377 creetis
1286 1338 1441 1378 auribus
1474 1338 1724 1388 procedunt,

187 1413 320 1452 irritati
344 1423 522 1451 manuve
548 1408 824 1461 comprehensi
853 1420 1000 1449 vocem
1036 1408 1154 1447 catuli
1190 1409 1352 1448 neonati
1379 1407 1542 1448 similem
1577 1409 1724 1457 edunt,

185 1485 256 1523 vel
294 1483 483 1523 iracundo
530 1481 704 1532 quodam
742 1479 907 1520 stertore
941 1479 1260 1531 subgrunniunt‚
1330 1478 1400 1519 nisi
1444 1480 1512 1531 qui
1572 1479 1726 1520 homini

184 1553 262 1604 J'am
310 1552 587 1593 adsueverunt.
640 1574 692 1581 —
832 1549 879 1589 In
909 1549 1068 1591 desertis
1110 1547 1179 1589 sub
1214 1549 1394 1590 occasum
1420 1549 1518 1609 ¹solis
1564 1551 1725 1602 prodire

185 1624 338 1673 solent‚
380 1630 599 1675 expurgato
642 1623 748 1672 prius
795 1622 1009 1671 cuniculo,
1059 1621 1258 1661 matutinis
1315 1621 1433 1660 etiam
1483 1621 1590 1661 horis
1655 1622 1724 1662 do-

186 1708 264 1735 nec
314 1706 445 1735 rorem
499 1692 687 1745 absorpsit
727 1693 879 1741 oriens,
916 1700 1119 1744 apparent.
1233 1690 1332 1729 Viso
1381 1692 1562 1742 periculo
1611 1704 1726 1744 orgy-

185 1766 310 1805 alibus
351 1765 509 1804 saltibus
559 1763 684 1803 statim
725 1761 908 1814 fugiunt,
979 1773 1065 1802 non
1104 1758 1231 1811 reeta,
1271 1761 1339 1801 sed
1380 1756 1552 1803 confusis
1598 1765 1727 1802 amba-

185 1836 297 1889 gibus
365 1835 446 1875 huc
506 1835 599 1874 illuc
652 1834 692 1873 se
721 1825 974 1881 {vertentem
1038 1842 1121 1884 quo
1210 1831 1444 1873 insefflmtes
1531 1834 1728 1887 fremant,

186 1908 225 1947 &
270 1908 499 1947 cuniculum
532 1906 602 1944 vel
642 1904 752 1945 suum
795 1905 865 1944 vel
910 1904 1081 1944 alienum
1131 1902 1303 1953 quodvis
1345 1904 1507 1944 obvium
1549 1914 1726 1960 antrum,

186 1978 370 2029 quorsum
413 1976 453 2016 se
490 1976 730 2023 subducant,
767 1984 957 2025 quterunt.
1038 1974 1102 2014 Sic
1136 1972 1236 2024 saepe
1281 1973 1368 2029 satis
1417 1975 1483 2014 diu
1534 1977 1727 2017 circumfi-

184 2051 309 2099 liunt,
359 2047 526 2098 majores
558 2048 627 2087 vix
672 2058 777 2097 equo
819 2044 1050 2096 assequendi
1108 2042 1145 2083 &
1186 2045 1237 2084 ita
1271 2048 1445 2098 prompti
1483 2059 1643 2096 onmes,
1683 2058 1728 2089 ut

184 2123 378 2160 continuo
432 2118 740 2169 jaculabnndos,
783 2118 851 2156 vix
894 2116 1068 2157 cruribus
1120 2124 1261 2155 terram
1308 2115 1481 2169 adtigisse
1531 2119 1725 2160 crederes.

185 2190 360 2230 Saltuum
419 2191 478 2230 Vis
528 2189 735 2240 presertim
789 2189 946 2241 ‘sidem
991 2187 1119 2241 longis
1155 2186 1192 2225 &
1236 2188 1374 2228 validis
1423 2190 1619 2239 cruribus,
1677 2203 1726 2233 ex

183 2270 293 2313 parte
336 2270 469 2302 tamen
502 2262 618 2301 etiam
655 2258 787 2301 caut-ite
835 2260 971 2299 eisteti
1012 2259 1192 2299 debetur.
1311 2258 1515 2301 Continuo
1554 2273 1724 2314 nempe,
