2032 2630
1673 212 1747 250 225

791 400 1166 484 MVS

556 532 1410 589 OECONOMVS.

303 683 396 723 enio
433 682 482 723 ad
528 680 703 733 speciem
740 688 880 722 notatu
917 679 1064 733 digmss
1066 693 1168 721 mam
1205 680 1244 721 δε
1286 680 1434 723 Sibiriae
1480 682 1583 726 forte
1620 697 1746 737 pecua

337 754 496 802 narem,
534 765 621 805 quae
664 753 787 805 prima
832 751 936 792 facie
983 755 1022 792 ά
1068 755 1206 794 colore
1255 753 1358 793 adeo
1403 754 1533 797 similis
1578 755 1635 797 est
1677 754 1742 795 M.

203 824 347 873 arvali,
400 832 446 865 ut
497 822 567 864 nisi
613 823 822 864 observata
864 823 1033 876 primum
1073 825 1168 864 mira
1213 827 1437 866 oeconomia
1482 826 1520 867 &
1563 838 1747 869 accurata

201 895 350 938 deinde
405 895 711 947 proportionum
763 894 802 934 δι
853 903 1057 935 anatomes
1103 898 1345 948 comparatio
1392 897 1608 939 distinc'mm
1651 911 1745 952 pro-

200 964 374 1015 bassent,
410 964 529 1006 facile
567 976 754 1017 tanquam
791 967 958 1006 varietas
993 966 1142 1019 negligi
1178 967 1378 1019 potuiffet.
1451 969 1621 1011 Primum
1660 983 1745 1011 orn-

201 1038 312 1078 nium
359 1038 399 1076 in
446 1038 593 1089 campis
641 1035 940 1077 Ischimenfibus
984 1035 1023 1076 δε
1066 1038 1116 1078 ad
1158 1037 1253 1078 Irtin
1297 1039 1572 1081 adtentionem
1613 1050 1745 1084 meam

203 1109 426 1149 excitarunt
479 1109 520 1148 hi
578 1105 720 1149 Mures
775 1119 848 1160 per
890 1107 1103 1161 singulares
1149 1109 1219 1149 sub
1271 1110 1428 1161 caespite
1477 1122 1634 1154 cavatas
1679 1127 1744 1156 caa

199 1191 351 1230 meras,
397 1180 437 1218 in
481 1179 624 1231 quibus
670 1179 910 1220 habitantes<
939 1178 1211 1220 offendebam.
1295 1181 1460 1236 Dehinc
1506 1183 1742 1236 frequentes

200 1252 305 1291 circa
367 1249 528 1297 Obum,
581 1249 868 1302 Tschulymum
912 1250 950 1290 &
994 1250 1205 1300 Ieniseam,
1259 1254 1428 1294 maxime
1484 1267 1582 1295 vero
1636 1258 1742 1298 circa

197 1321 404 1362 Baikalern
450 1321 490 1361 &
544 1322 584 1361 in
640 1321 819 1362 Dauuria
872 1321 1127 1374 transalpina,
1173 1322 1269 1377 (ubi
1311 1325 1480 1365 maxime
1517 1338 1649 1367 mores
1702 1328 1742 1368 δε

198 1392 424 1432 habitacula
460 1404 598 1433 eorum
636 1391 825 1433 scrutatus
869 1388 977 1445 sum)
1021 1393 1244 1440 observari.
1326 1394 1553 1437 Vniverfim
1598 1399 1743 1450 pascua

196 1462 237 1504 &
272 1471 382 1516 prata
417 1463 661 1512 humidiora,
699 1464 884 1514 interque
919 1473 1126 1504 montanas
1163 1466 1370 1506 convalles
1408 1477 1558 1518 amant,
1604 1481 1741 1522 neque

195 1534 237 1575 in
273 1534 394 1586 sylvis
438 1533 478 1574 &
514 1535 653 1585 alpinis
690 1533 855 1581 desunt3
905 1534 1121 1576 abhorrent
1162 1545 1302 1577 contra
1344 1537 1392 1576 ab
1430 1538 1624 1589 arenosis,
1669 1543 1742 1582 ari-

196 1605 281 1656 dis,
329 1605 582 1654 elatioribus,
629 1605 697 1645 ubi
735 1604 972 1656 sequentem
1007 1616 1146 1647 contra
1182 1607 1356 1660 speciem
1393 1609 1657 1661 copiosiorem
1695 1613 1739 1655 iu

195 1677 325 1718 iismet
361 1677 590 1730 regionibus
628 1676 822 1718 offendas.
906 1676 981 1717 Pro
1017 1677 1114 1719 nido
1152 1691 1347 1719 cameram
1383 1680 1453 1721 sub
1490 1681 1570 1734 ipsa
1607 1677 1771 1737 caespi-'

195 1748 244 1788 tis
281 1747 430 1801 crusta,
466 1749 587 1787 immo
633 1743 733 1787 locis'
778 1748 1066 1790 humidioribus
1113 1751 1152 1790 in
1195 1751 1337 1792 tubere
1382 1753 1554 1804 quodam
1604 1764 1737 1807 term,

197 1817 284 1859 fere
321 1819 435 1870 supra
471 1819 599 1870 campi
643 1817 917 1869 superficiem,
963 1831 1160 1860 excavant
1192 1820 1496 1872 subrotundam,
1535 1824 1737 1877 depreffo-

195 1877 454 1940 fornicatam,
489 1889 715 1930 transversae
759 1891 896 1941 palmae
940 1889 1213 1941 profunditate
1258 1891 1296 1932 &
1338 1895 1471 1944 pedali
1518 1895 1735 1948 diametro,

194 1960 415 2002 mvniffimo
453 1960 491 2000 &
528 1962 774 2001 comminuto
819 1962 993 2013 gramine
1039 1961 1220 2012 farciam,
1267 1976 1287 2002 a
1324 1977 1401 2015 qua
1444 1967 1618 2007 cuniculi
1664 1969 1735 2008 cir-

196 2044 288 2072 cum
325 2033 480 2084 plures,
517 2033 556 2072 in
594 2031 678 2083 ipso
717 2031 872 2082 caespire
910 2031 1010 2084 saepe
1047 2033 1206 2082 ramosi,
1253 2036 1290 2073 in
1330 2035 1577 2086 superficiem
1625 2041 1735 2081 exitu

195 2103 346 2144 laterali
383 2103 531 2154 pervii,
568 2112 707 2155 patent
743 2101 848 2144 ostiis
886 2105 953 2142 vix
991 2104 1153 2157 digitum
1202 2105 1519 2157 admittentibus,
1556 2122 1628 2161 pro
1667 2123 1734 2150 an·

193 2174 430 2228 tiquioribus
465 2174 674 2215 domiciliis
709 2173 810 2226 saepe
851 2174 974 2226 usque
1019 2175 1068 2215 ad
1112 2177 1291 2229 trigina3
1339 2180 1406 2218 vel
1454 2179 1520 2219 ubi
1545 2183 1734 2235 ,paucio-

194 2259 256 2288 res
311 2245 420 2296 sunt‚
482 2246 531 2285 ab
585 2244 690 2286 ostiis
733 2244 868 2286 saltem
914 2247 1010 2296 viae,
1067 2260 1162 2298 quas
1206 2247 1401 2288 sulcorum
1451 2249 1566 2289 instar
1609 2253 1730 2295 exeso

195 2317 350 2371 caespite
397 2326 561 2368 cavant,
604 2315 763 2361 ramosae
802 2317 1115 2371 quaquaversum
1154 2317 1407 2373 sparguntur,
1449 2333 1523 2374 per
1554 2335 1649 2377 quas
1688 2327 1731 2369 in

883 2388 918 2430 F
952 2388 976 2430 f
1005 2401 1026 2441 3
