2032 2630
746 201 850 238 MVS
910 202 1240 239 OECONOMVS.
1688 217 1759 254 233

220 311 326 341 anno
360 300 438 351 J’am
475 301 602 341 multo
647 300 777 340 minor
820 299 898 340 fuit
942 301 1078 352 turba,
1135 301 1390 356 dispersaeque
1449 306 1569 359 magis
1621 309 1760 361 copiae.

219 370 280 410 Vt
315 371 529 424 videantur
563 372 603 410 in
640 370 959 413 Kamtschatkam
987 373 1164 426 undique
1201 376 1297 414 mari
1343 375 1530 427 clausam,
1584 390 1634 418 ex
1679 392 1759 420 ma-

219 454 299 494 gno
337 441 484 481 Sibiriae
520 441 644 494 spatio
681 443 914 503 migratione
952 453 1102 484 temere
1141 444 1317 498 suscepta
1355 449 1606 502 congregari,
1651 458 1759 492 tanta

218 511 470 564 frequentia,
522 521 566 553 ut
611 512 827 554 deficiente
878 513 1018 554 sensnn
1073 515 1247 567 pabulo,
1302 517 1371 556 vel
1417 517 1529 570 supra
1580 520 1754 562 indicato
1795 548 1798 551 -

199 583 330 625 >sensu
368 584 503 625 denuo
525 584 684 625 'oborta
718 585 896 637 migratio
934 586 1060 625 multo
1098 587 1219 638 magis
1256 587 1296 625 in
1333 587 1484 629 sensum
1523 591 1649 632 cadat.

356 704 535 745 Varietas
571 704 860 745 Kamtschatica
895 706 1014 746 muris
1062 707 1286 756 oeconomi,
1333 707 1442 758 cujus
1481 714 1643 753 exuvias
1689 715 1755 756 ha-

214 776 319 826 be0,
355 774 530 815 fibiricos
566 776 756 815 maximos
793 784 940 828 aequat,
983 775 1174 816 fimillima
1211 777 1385 829 vellere,
1430 782 1632 833 auriculis,
1674 786 1754 826 for-

211 859 296 896 ma,
332 846 594 899 proportione
631 846 781 898 pedum
818 855 938 898 atque
983 847 1129 888 caudae.
1210 847 1291 888 Sed
1335 851 1574 903 aliquantum
1621 855 1754 897 differt

214 919 375 969 colore,
430 918 497 968 qui
544 917 604 958 his
648 918 823 958 muribus
871 919 977 958 omni
1033 927 1216 970 ternpore
1262 922 1355 961 anni
1399 923 1505 963 idem
1562 927 1748 969 consistit.

212 989 323 1030 Sicut
369 989 475 1028 enim
521 1001 543 1028 e
587 989 875 1029 borealioribus
920 990 1042 1041 paulo
1086 991 1255 1042 nigriora
1299 991 1414 1033 solito
1461 994 1582 1037 habui
1625 998 1751 1051 speci-

213 1061 340 1109 mina,
393 1061 446 1098 ita
487 1059 810 1109 Kamtschaticae‚
865 1072 1028 1110 quarum
1072 1060 1140 1101 sex
1183 1063 1312 1113 pelles
1356 1067 1515 1118 accepi,
1560 1071 1682 1122 magis
1726 1082 1749 1111 e

212 1131 324 1173 fusco
362 1130 582 1179 lutescunt‚
621 1131 806 1171 dilutiore
844 1132 1003 1180 colore,
1041 1144 1158 1182 quam
1195 1134 1235 1172 in
1272 1135 1424 1186 reliqua
1459 1135 1619 1191 Sibiria,
1656 1152 1751 1193 prae-

206 1213 385 1255 terquam
421 1200 532 1253 quod
570 1202 618 1243 ad
654 1201 940 1254 Tschulymum
975 1202 1190 1244 subfimiles
1227 1204 1360 1250 habui.

345 1318 541 1357 Caeterum
579 1317 675 1357 mihi
711 1317 817 1358 haud
854 1318 1013 1358 videtur
1048 1333 1148 1362 vero
1186 1322 1334 1373 simile,
1371 1321 1535 1365 Murem
1584 1338 1746 1369 oecono-

204 1402 311 1431 mum
348 1389 472 1439 usque
519 1389 558 1427 in
601 1389 806 1429 borealem
856 1388 1058 1442 Europam
1105 1393 1402 1445 migrationibus
1447 1395 1522 1437 suis
1569 1400 1746 1441 extendi.

205 1460 435 1502 Observatae
481 1467 613 1498 tamen
658 1460 774 1499 etiam
821 1461 861 1499 in
909 1459 1123 1501 Germania
1159 1463 1391 1505 admirandae
1436 1466 1616 1509 Murium
1661 1471 1747 1512 bra-

203 1533 444 1584 chyurorum
479 1526 734 1583 migrationes
761 1523 820 1582 i),
870 1532 934 1571 vix
971 1531 1022 1572 de
1067 1532 1131 1573 M.
1171 1535 1291 1575 arvali
1334 1537 1616 1589 intelligendae.
1689 1541 1746 1583 Et

204 1604 422 1646 dolendum
459 1603 660 1641 neminem
698 1613 870 1654 unquam
909 1604 1125 1645 accuratius
1163 1605 1424 1658 descripfiffe,
1467 1612 1537 1650 vel
1583 1624 1744 1666 compa-

201 1673 298 1715 rasse
341 1673 494 1726 species
530 1674 721 1722 murium,
768 1674 836 1724 qui
880 1673 1047 1715 subinde
1084 1678 1238 1728 agmine
1283 1676 1390 1718 fac‘to
1437 1679 1658 1722 Germaniae
1704 1697 1742 1724 a-

202 1758 291 1800 gros
326 1744 553 1784 invaserunt
589 1744 626 1783 ἃ
664 1742 881 1792 vastarunt3
925 1746 1036 1796 quod
1073 1747 1111 1785 in
1158 1748 1356 1799 posterum
1402 1761 1446 1790 ut
1490 1750 1580 1801 fiat,
1629 1764 1740 1807 opta-

201 1812 300 1857 mus.
337 1839 388 1845 -
458 1814 644 1854 Islandici
689 1826 843 1864 mures,
888 1827 1057 1865 quorum
1103 1817 1215 1869 supra
1264 1821 1448 1871 memini,
1497 1822 1603 1863 haud
1657 1828 1739 1867 exi-

202 1899 318 1942 guam
363 1897 516 1926 morum
564 1897 653 1925 cun]
702 1884 835 1925 nostro
880 1883 946 1931 M,
984 1899 1196 1928 oeconomo
1239 1890 1530 1932 fimilitudinem
1568 1895 1739 1946 prodere

198 1959 412 2004 videntum
466 1956 533 1996 sed
588 1956 729 1996 horum
780 1969 942 2009 quoquc
1007 1961 1223 2000 accuratior
1282 1961 1523 2008 desideratur
1582 1969 1735 2010 notitia.

198 2030 294 2071 Nec
332 2028 451 2080 magis
488 2029 673 2068 novimus
710 2026 854 2068 Mures
891 2030 958 2081 qui
994 2030 1034 2070 in
1079 2032 1211 2072 calidis
1250 2031 1447 2084 Orientis„
1492 2035 1734 2080 australibus-

246 2176 277 2222 τ’)
326 2179 368 2209 M.
404 2178 570 2220 brachyuri
605 2177 776 2218 migrantes
817 2178 942 2211 differte
993 2177 1149 2215 festorum
1176 2182 1278 2215 adfert
1303 2183 1414 2225 Operis
1443 2186 1499 2220 vol.
1536 2187 1582 2221 II.
1610 2198 1632 2230 p
1661 2200 1732 2232 ¹54·

196 2232 370 2263 indicantur
400 2231 431 2261 in
465 2228 620 2261 Bremenfl
650 2229 816 2266 relatione,
848 2240 939 2271 quam
984 2231 1048 2273 seq·

194 2290 451 2313 ROESELIVS
477 2279 634 2312 occasione
658 2281 859 2322 migrantium
891 2282 936 2313 in·

888 2359 1044 2413 Ges
