2032 2630
814 213 915 250 MVS
962 214 1201 250 IACVLVS.
1687 221 1757 260 289

219 325 342 366 quum
369 310 546 362 ‘bipedes
584 309 684 351 stant
733 309 772 351 δι
812 310 1064 363 gradiuntur,
1100 311 1226 353 cauda
1271 313 1491 366 figmo'i'deo
1530 313 1639 354 flexu
1687 313 1759 367 (ut

227 377 404 427 Tabula
437 375 592 440 nfflrtl
626 381 849 434 expressum
884 380 973 434 est)
1019 389 1200 424 curvata*
1224 392 1333 425 terrae
1376 384 1574 431 infistunt3
1615 381 1757 427 eadem

219 454 445 495 exsilientes
483 462 623 492 terram
662 453 811 494 feriunt
847 453 885 493 &
921 455 962 495 in
1000 455 1082 507 ipso
1119 456 1216 496 raltu
1254 457 1510 508 gubernaculi
1554 456 1668 496 instar
1711 468 1756 496 u·

217 534 373 573 tantur,
418 532 462 564 ut
504 524 621 564 saltus
659 523 920 564 direffionem
963 535 1130 565 mutent.
1245 526 1509 577 Quantumvis
1569 529 1646 568 alte
1710 529 1750 569 &
1788 525 1797 535 ⁸

215 596 364 636 sublata
399 607 518 634 manu
563 596 602 634 in
641 604 780 635 terram
824 594 991 647 projesti
1045 595 1222 648 semper,
1276 597 1491 648 aequilibrio
1538 598 1671 639 caudae
1715 603 1756 640 in

215 666 366 707 redtum
402 665 595 719 protensae
633 669 671 705 &
716 665 1033 718 subremigantis‚
1083 667 1123 705 in
1161 665 1335 717 posticos
1381 668 1506 719 pedes
1550 670 1754 712 decidunt.

216 737 270 777 Et
306 737 402 777 licet
436 737 588 788 impetu
624 747 784 777 ruentes
821 738 860 775 in
898 724 1050 777 anticos
1093 748 1257 789 quoque
1294 737 1420 790 pedes
1466 739 1546 779 sese
1592 740 1758 784 subinde

222 808 414 858 excipere
451 814 672 859 cogantur3
719 805 845 847 statim
873 817 1006 847 tamen
1034 809 1073 847 in
1108 820 1218 848 crura
1241 809 1376 849 denuo
1408 811 1562 862 erigunt
1597 823 1756 864 corpus.

217 878 353 931 Quum
372 877 470 917 nihil
502 878 664 926 timent,
688 878 813 918 modo
838 877 1006 929 Leporis
1044 877 1159 919 instar
1199 878 1477 930 quadrupedes
1523 883 1755 935 ambulant,

216 950 433 990 alternatim
471 949 512 987 in
548 960 659 989 crura
696 949 919 1000 eriguntur,
966 949 1102 1000 lepide
1141 935 1479 1002 circumspiciunt,
1515 950 1650 993 striffis
1689 968 1757 997 au-

212 1021 318 1061 ribus
362 1019 682 1066 auscultabundi3
753 1018 877 1059 modo
940 1022 1052 1061 corvi
1109 1019 1225 1061 instar
1281 1021 1490 1072 contraditis
1543 1024 1757 1066 brachiolis

213 1090 382 1142 bipedes
453 1090 634 1130 saltitant.
723 1089 941 1131 Fodieutes
986 1092 1056 1132 vel
1101 1092 1234 1132 cibum
1281 1093 1516 1144 colligentes
1578 1096 1619 1134 in
1673 1098 1756 1149 pal-

212 1174 295 1202 mas
331 1162 370 1202 se
408 1161 642 1210 demittunt,
688 1171 858 1213 arreptas
901 1173 1002 1204 vero
1051 1162 1148 1203 offas
1193 1163 1234 1203 in
1278 1165 1426 1215 palmas
1473 1166 1674 1217 accipiunt
1718 1167 1757 1208 δι

216 1232 338 1274 ereffi
374 1232 606 1278 comedunt.

353 1373 588 1416 Cicurantur
614 1376 729 1415 etiam
764 1375 885 1417 adulti
913 1375 1133 1416 celerrime.
1214 1377 1363 1416 Amant
1398 1379 1439 1417 in
1474 1376 1559 1417 finu
1596 1378 1757 1432 foveri‚‘

213 1445 449 1498 semperque
487 1447 716 1486 calidiorem
753 1447 939 1497 angulum
980 1456 1170 1498 quaerunt.
1244 1447 1284 1487 Si
1320 1447 1468 1501 frigidis
1501 1448 1640 1491 diebus
1668 1464 1758 1493 ver-

178 1518 268 1558 .nis
316 1518 383 1558 vel
430 1517 719 1557 autumnalibus
762 1515 846 1557 fine
892 1519 1066 1570 tegmine
1104 1516 1301 1558 nmsturno
1346 1529 1597 1572 exponantur
1651 1523 1753 1574 aeri,

213 1586 331 1629 facile
369 1588 407 1628 &
443 1589 562 1644 plane
601 1586 910 1638 obtorpescunt,
947 1588 1157 1639 praesertim
1193 1590 1366 1630 minores
1404 1590 1442 1630 &
1473 1590 1667 1644 juniores,
1710 1603 1756 1634 ut

206 1671 286 1714 ‘pro
324 1660 488 1700 mortuis
525 1658 626 1710 saepe
665 1658 868 1699 habuerim
907 1658 946 1698 &
981 1659 1218 1709 secaverim,
1255 1662 1436 1702 nondum
1482 1673 1668 1715 expertus
1712 1666 1755 1705 in

213 1729 299 1770 finu
322 1730 533 1770 refocillari
569 1727 695 1780 posse.
769 1729 1027 1770 Praesentiunt
1063 1731 1180 1772 etiam
1215 1731 1336 1784 frigus
1373 1731 1411 1771 &
1447 1734 1624 1783 pluviam
1657 1744 1756 1776 tem-

213 1799 428 1852 pestatem,
466 1808 632 1849 tumque
671 1800 838 1839 maxime
876 1798 1017 1850 stuppa
1053 1800 1092 1840 se
1131 1802 1369 1852 involvunt,
1407 1803 1445 1842 &
1469 1804 1537 1854 qui
1573 1806 1612 1845 in
1651 1818 1756 1846 cam.

212 1873 271 1925 pis
307 1871 395 1912 sunt
432 1871 600 1910 curatius
648 1878 756 1909 antra
793 1869 1003 1917 obturant3
1040 1869 1142 1910 ficca
1179 1879 1335 1922 tamen,
1371 1872 1439 1912 sed
1477 1874 1612 1915 nubila
1650 1885 1750 1918 tem-

213 1941 385 1995 pestate,
423 1940 593 1981 interdiu
631 1952 794 1993 quoque
832 1941 998 1992 vigilant
1035 1940 1072 1980 &
1110 1949 1219 1981 extra
1266 1951 1372 1982 antra
1418 1944 1641 1995 versantur,
1681 1950 1753 1988 eti-

215 2026 274 2053 am
310 2015 350 2052 in
389 2013 546 2064 campis.
583 2037 633 2042 -—
706 2010 799 2050 Sine
838 2020 938 2051 terra
976 2011 1197 2065 angustiore
1227 2015 1322 2052 loco
1359 2015 1495 2055 inclusi
1534 2018 1613 2057 cito
1651 2018 1753 2060 fiunt

213 2082 387 2136 languidi
440 2082 478 2121 &
530 2083 838 2133 conspurcantur
893 2083 990 2130 toti3
1056 2083 1186 2123 addita
1230 2096 1328 2124 vero
1376 2095 1476 2126 terra
1522 2088 1589 2127 vel
1635 2101 1751 2133 arena

213 2155 319 2207 quafi
358 2167 380 2194 e
417 2153 558 2193 morbo
598 2153 905 2202 convalescunt,
943 2154 1133 2201 laetiores‚
1171 2156 1372 2206 agiliores,
1411 2156 1448 2196 &
1472 2159 1628 2209 puritati
1665 2162 1750 2201 vel-

211 2228 302 2267 leris
357 2234 452 2265 tunc
506 2224 626 2283 inagis
677 2222 856 2273 student,
902 2224 1040 2276 palmis
1095 2238 1139 2264 os
1192 2224 1291 2277 saepe
1337 2236 1495 2277 curant,
1538 2232 1749 2286 palmaque

211 2298 332 2338 altera
368 2296 523 2336 alterius
559 2294 707 2336 brachii
736 2293 876 2336 sordes
913 2295 1141 2346 lepidiffime
1181 2295 1405 2350 detergunt.

902 2387 1061 2440 003
