2032 2630
781 209 998 246 SCIVRVS
1036 207 1255 244 VOLANS.
1711 223 1784 260 357

249 310 502 361 contigerunt
537 306 607 346 sub
653 307 777 346 axillis
814 306 853 346 &
895 306 942 347 ad
996 308 1145 347 collum
1198 308 1364 359 habeat,
1427 310 1568 350 minori
1619 309 1783 361 quidem

247 381 370 419 mole.
443 377 565 417 Vesci
602 386 732 417 autem
779 377 952 429 hyeme,
1006 388 1236 429 argumento
1281 378 1443 419 fuerunt
1486 379 1666 423 intestina
1709 381 1779 422 sub

245 448 463 501 rigidissirno
499 448 738 488 Decembris
783 448 821 488 &
867 448 1030 489 Ianuarii
1074 447 1219 500 frigore
1265 450 1483 490 adlatorum
1528 451 1676 503 chymo
1720 464 1782 492 re-

244 519 462 567 fertiflima3
515 530 649 569 neque
694 528 778 558 tota
814 519 982 570 hyeme,
1034 527 1078 559 ut
1116 518 1341 558 Voluccllae
1377 518 1549 571 faciunt,
1594 524 1635 561 in
1680 524 1776 564 nido

245 590 502 644 delitescere,
550 589 805 640 colleffioque
843 590 897 628 ibi
934 588 1041 629 vieta
1078 587 1302 639 sustentari,
1353 589 1439 629 satis
1478 592 1622 633 exinde
1659 606 1779 646 appa-

242 668 325 710 ret,
362 659 472 712 quod
509 661 548 699 in
586 658 790 711 decipulas
826 671 898 711 pro
936 659 1078 700 Sciuris
1115 657 1296 709 statutas,
1333 660 1371 699 δι
1406 660 1511 702 sscco
1547 663 1654 713 pisce
1692 666 1777 715 ple-

242 743 408 782 rumque
454 730 664 779 inescatas,
711 729 799 770 satis
844 729 1078 780 frequentes
1115 730 1311 780 incidant,
1356 732 1482 771 multo
1519 734 1694 775 minore
1720 744 1775 774 ta-

243 812 337 840 men
361 812 551 849 numero,
595 812 711 852 quam
749 799 820 851 ipsi
856 799 994 839 Sciuri.
1066 799 1223 839 Exinde
1262 813 1426 852 quoque
1464 800 1530 851 fit,
1568 813 1613 843 ut
1649 816 1670 843 a
1698 807 1776 844 cal-

241 871 320 912 lida
355 879 592 910 venatorum
629 871 750 921 plebe
787 871 914 922 pelles
945 870 1171 911 Sciurorum
1200 873 1440 920 volantium,
1485 885 1571 924 quae
1606 876 1775 914 tenuita-

241 950 281 981 te
327 942 394 982 sua
429 940 467 981 &
511 942 671 982 velleris
715 941 951 980 flacciditate
996 941 1193 992 ignobiles
1238 941 1276 981 δε
1319 943 1479 982 inutiles
1523 942 1611 984 fere
1661 945 1773 996 suut,

243 1012 359 1053 bonis
418 1011 643 1052 Sciurorum
687 1011 881 1062 pellibus,
946 1012 1096 1064 quippe
1154 1024 1240 1062 quae
1291 1011 1482 1053 subversae
1534 1014 1772 1066 plerumque

240 1081 495 1132 venduntur,
530 1081 736 1122 immisceri
773 1082 947 1132 soleant,
984 1082 1105 1121 immo
1142 1081 1190 1121 ad
1230 1082 1383 1123 Lenam
1421 1084 1582 1136 integrae
1627 1097 1678 1125 ex
1715 1095 1774 1125 te-

241 1154 358 1194 nellis
403 1153 507 1193 hisce
551 1153 722 1205 pellibus
769 1153 1013 1193 consuuntur
1054 1150 1186 1193 vestes
1227 1152 1265 1192 &
1319 1152 1367 1193 ad
1407 1152 1516 1194 Sinas
1557 1166 1580 1194 a
1623 1166 1773 1196 merca-

241 1224 392 1264 toribus
429 1223 684 1273 deferuntur,
739 1223 901 1264 dimidio
951 1224 1106 1267 circiter
1141 1222 1367 1264 Sciurorum
1407 1225 1538 1275 pretio
1584 1228 1774 1281 venales,

243 1297 282 1334 δε
317 1294 365 1333 ab
413 1295 523 1335 omni
558 1294 726 1334 humore
760 1294 879 1335 facile
920 1294 1233 1346 corrumpendae.
1266 1316 1317 1323 —
1388 1295 1512 1348 Quod
1552 1307 1627 1346 pro
1668 1298 1779 1337 vola-

239 1374 284 1405 tu
329 1364 455 1417 vulgo
506 1364 699 1414 habetur,
749 1365 836 1406 satis
882 1364 961 1415 jam
1016 1373 1157 1405 notum
1209 1363 1266 1405 est
1317 1377 1400 1405 non
1442 1364 1522 1406 effe
1569 1367 1773 1416 volatum,

241 1434 310 1476 sed
353 1435 528 1476 animalis
563 1434 679 1475 saltus
706 1433 960 1484 audaciores,
1015 1436 1187 1493 pellibus
1227 1436 1391 1475 laterum
1437 1437 1538 1475 inter
1586 1437 1774 1477 divarica-

245 1515 308 1547 tos
343 1506 469 1558 pedes
505 1505 645 1555 tensis,
685 1505 722 1544 &
760 1517 904 1556 corpus
939 1506 980 1545 in
1013 1505 1102 1545 aere
1142 1504 1470 1557 suspendentibus
1504 1507 1557 1545 ita
1597 1505 1773 1557 adjutos,

241 1585 287 1617 ut
323 1574 371 1615 ad
417 1589 469 1616 20
515 1576 553 1616 &
595 1577 696 1616 ultra
739 1588 880 1629 orgyas
919 1589 942 1616 e
983 1577 1191 1616 cacumine
1241 1577 1379 1630 unius,
1432 1575 1567 1617 versus
1611 1578 1768 1618 alterius

241 1647 386 1687 arboris
419 1645 595 1688 medium
629 1646 794 1698 oblique
835 1646 1023 1688 ferantur.
1129 1645 1286 1698 Hisque
1332 1646 1492 1688 saltibus
1541 1647 1594 1687 ita
1644 1647 1772 1687 confi-

243 1717 362 1766 dunt,
402 1727 446 1758 ut
486 1729 595 1766 raro,
628 1715 699 1755 nisi
743 1728 817 1767 pro
853 1716 1103 1768 deponendis
1143 1716 1306 1758 faecibus
1341 1718 1381 1756 in
1421 1728 1561 1757 terram
1606 1716 1771 1759 descen-

244 1787 350 1827 dant.
425 1786 575 1839 Captos
620 1789 658 1825 in
693 1787 824 1827 media
864 1787 976 1838 sylva
1022 1787 1283 1838 experimenti
1327 1789 1446 1839 gratia
1485 1788 1594 1827 humi
1644 1788 1774 1840 depo.

242 1858 321 1907 sui,
376 1857 414 1897 ὅτ.
466 1856 719 1908 ineptiffime,
778 1856 907 1898 erecta
947 1858 1095 1907 cauda,
1151 1856 1258 1908 quast
1299 1869 1372 1908 per
1413 1858 1526 1897 saltus
1570 1856 1770 1910 fugientes

244 1929 350 1976 vidi3
406 1928 566 1968 simulac
614 1939 713 1968 vero
764 1928 944 1967 arborem
994 1927 1234 1979 adtigeram,
1281 1927 1521 1968 velociffime
1584 1928 1623 1968 &
1664 1929 1771 1982 quasi

241 1999 441 2040 subsultim
494 2000 535 2038 in
586 2000 707 2039 altum
753 1999 1004 2039 enitebantur
1055 1998 1312 2047 scandentes,
1360 1999 1486 2039 cauda
1533 1998 1656 2039 modo
1705 2012 1769 2039 re-

236 2069 342 2123 Jeeta
376 2071 416 2108 in
460 2068 637 2120 dorsum,
683 2069 806 2109 modo
846 2067 1017 2108 demiffa.
1097 2067 1160 2108 Ex
1195 2070 1333 2109 altiore
1378 2070 1505 2109 trunci
1545 2079 1655 2121 parte
1698 2069 1767 2110 de-

236 2140 355 2193 jecti,
401 2140 653 2191 excipiebant
695 2139 776 2179 sese
812 2141 912 2180 velis
945 2139 1019 2179 suis
1055 2138 1095 2178 &
1129 2142 1169 2179 in
1209 2140 1298 2179 ae're
1335 2141 1444 2180 varie
1481 2140 1675 2179 librabant
1711 2149 1768 2179 at-

239 2223 319 2264 que
355 2219 468 2251 motu
503 2209 636 2251 caudae
679 2209 897 2262 dirigebant
937 2221 1094 2262 corpus.
1120 2232 1170 2237 —
1252 2209 1362 2250 Dum
1399 2222 1498 2251 vero
1542 2211 1581 2250 in
1615 2210 1767 2252 Betulis

238 2281 446 2336 praesertim
497 2282 621 2321 vitam
669 2289 813 2334 agunt,
869 2280 1066 2332 sapienter
1116 2293 1138 2321 a
1182 2279 1341 2321 Natura
1388 2280 1642 2335 prospetffhuu
1688 2280 1767 2333 est,

961 2349 994 2391 Z
1030 2363 1054 2391 z
