1948 2630
213 164 282 202 322

379 562 1593 618 TAMARICINVS.

209 684 373 798 Haec
421 734 585 775 quoque
629 723 783 775 species
831 725 872 764 in
918 723 1086 764 maxime
1135 710 1361 762 australibus
1415 702 1557 760 deserti
1609 718 1753 770 caspici

353 802 503 833 tantum
555 794 764 835 observata
804 794 881 842 est,
926 795 964 833 &
1010 791 1154 831 abinde
1201 791 1364 831 forsitan
1407 801 1480 840 per
1524 789 1754 830 calidiorem

211 861 343 902 Asiam
380 862 571 915 frequens
609 865 723 904 vivit.
797 864 842 903 In
882 862 1064 915 depreffis
1101 860 1202 902 salsis
1239 861 1289 901 ad
1325 859 1555 901 inferiorem
1599 860 1752 913 Rhym-

210 945 331 983 num,
386 934 596 986 praesertim
643 936 747 981 circa
797 932 1122 974 Saratschikofka
1173 930 1322 972 rivum‘
1348 930 1559 971 Tamaricis
1606 932 1754 983 gallicae

208 1002 364 1044 arbusto
403 1005 583 1054 consitis,
629 1005 796 1046 solitaria
833 994 1018 1057 quidem,
1072 1002 1141 1043 sed
1179 1003 1315 1045 crebra
1359 1001 1531 1051 habitat,
1572 1003 1752 1055 indeque

174 1129 177 1134 f
208 1076 403 1115 nominari
440 1074 551 1127 poss'e
590 1077 820 1126 videbatur,
873 1074 1212 1128 quemadmodum
1258 1065 1472 1118 Nitelam
1517 1059 1754 1127 alquercu-

209 1145 306 1196 bus,
345 1159 440 1197 quas
479 1156 603 1196 amat,
642 1149 943 1200 cognominavit
978 1157 1255 1185 L1NNAEvs.
1330 1142 1446 1183 Soliti
1483 1141 1621 1183 nostrae
1668 1144 1754 1196 spe-

211 1217 287 1258 ciei
317 1218 491 1257 cuniculi
529 1218 576 1257 ad
614 1218 712 1269 ipsas
748 1220 873 1271 vulgo
911 1216 1080 1258 nodosas
1117 1215 1269 1256 radices
1305 1213 1517 1254 Tamaricis
1553 1214 1754 1266 visuntur,

211 1287 250 1327 &
287 1287 445 1329 duobus
483 1287 587 1329 ostiis
623 1289 691 1329 seu
729 1290 951 1338 canalibus,
989 1289 1058 1328 vix
1094 1296 1264 1340 quatuor
1296 1285 1455 1337 junctos
1501 1281 1643 1339 digitos
1687 1285 1755 1327 ad-

209 1359 481 1409 mittentibus,
520 1361 690 1412 obliquis
726 1369 877 1413 patent.
958 1358 1024 1399 Ad
1069 1358 1263 1410 quosdam
1306 1357 1376 1396 vix
1419 1356 1566 1408 aliquid
1614 1355 1755 1409 egestae

211 1439 321 1470 terrae
361 1441 546 1481 apparet;
585 1431 634 1470 ad
671 1432 789 1480 alios,
827 1430 932 1471 forte
971 1430 1216 1480 antiquiores
1244 1427 1281 1467 &
1307 1427 1452 1468 crebro
1492 1418 1755 1480 expurgatos,

210 1500 382 1552 insignes
420 1503 580 1540 cumuli.
653 1501 906 1542 Profunditas
944 1501 1222 1540 cuniculorum
1259 1507 1390 1547 tanta,
1427 1505 1472 1538 ut
1509 1505 1545 1544 8,
1581 1501 1650 1539 vel
1693 1511 1754 1539 10.

212 1572 412 1624 amphoris
465 1585 573 1623 aquae
618 1571 755 1611 infusis
805 1573 874 1612 vix
910 1571 1055 1623 repleri
1089 1577 1252 1622 queant.
1358 1567 1484 1609 Immo
1521 1572 1591 1611 vix
1625 1568 1758 1622 potest

212 1654 313 1694 aqua
351 1642 546 1682 exturbari
582 1644 744 1691 animal,
791 1642 830 1682 &
872 1643 1056 1693 plerique
1101 1653 1202 1692 quos
1251 1640 1398 1690 habui,
1445 1640 1640 1690 decipulis
1684 1653 1756 1690 per

211 1712 374 1752 noctem
409 1721 500 1751 ante
535 1715 662 1751 exitus
693 1725 832 1750 omnes
874 1712 1026 1751 statutis
1066 1713 1172 1758 capti
1207 1709 1334 1747 fuere.
1416 1705 1588 1760 Semper
1622 1719 1755 1750 autem

213 1783 255 1822 in
298 1782 493 1834 decipulis
528 1794 673 1830 mares,
722 1792 945 1832 omnesque
990 1779 1240 1819 introeuntes
1278 1769 1426 1829 captos
1458 1777 1597 1829 fuiffe,
1643 1790 1756 1820 nota-

212 1854 294 1894 bile
333 1852 401 1893 est.
475 1852 639 1893 Victum
677 1852 751 1892 hos
791 1851 934 1892 Mures
970 1864 992 1891 e
1035 1850 1239 1890 Tamarice
1290 1860 1434 1900 capere
1472 1851 1542 1890 vix
1575 1850 1755 1892 credide-

212 1925 306 1972 rim3
350 1923 552 1965 abundant
596 1922 697 1964 vero
733 1924 774 1962 in
813 1923 954 1964 iisdem
984 1921 1214 1974 regionibus
1260 1918 1455 1970 Nitraria,
1504 1919 1756 1972 Salicorniae‚‘

214 1995 392 2046 SaIsoIae,
445 1995 683 2046 Atriplices‚
743 1994 908 2046 aliaeque
967 1993 1163 2032 maritimae
1215 1989 1479 2042 succulentae,
1538 2005 1561 2033 e
1612 1993 1755 2044 quibus

215 2062 345 2118 ampla
389 2067 564 2106 alimenti
608 2066 781 2105 materia.
820 2091 870 2097 -
941 2063 1008 2103 De
1044 2072 1180 2104 natura
1217 2062 1256 2102 ὅτ.
1291 2063 1464 2103 moribus
1501 2062 1608 2103 haud
1643 2061 1756 2116 quid-

215 2149 331 2189 quam
375 2137 523 2177 discere
575 2137 714 2190 licuit,
771 2135 842 2175 nisi
893 2134 1005 2187 quod
1050 2133 1285 2188 noctivagos
1310 2119 1413 2174 ‘esse
1458 2133 1546 2175 satis
1592 2133 1756 2178 constat.

216 2206 375 2249 Summa
410 2210 532 2249 totius
566 2207 726 2248 ⁴habitus
761 2206 997 2267 fimilitud0‚
1044 2217 1121 2259 qua
1165 2203 1215 2245 ad
1260 2198 1440 2246 Nitelam
1474 2204 1501 2245 s.
1541 2204 1606 2246 M.
1642 2216 1757 2258 quer-
