2032 2630
504 190 1399 268 fflWffi-Qsffiass
1648 209 1715 247 ³4¹

766 353 853 435 M
939 354 1008 435 V
1091 353 1138 436 S

519 500 1379 553 AGRARIVS.

177 609 415 726 Ninum,
477 645 580 686 hanc
639 645 834 698 speciem,
892 657 1010 697 quam
1056 644 1278 686 Germaniae
1323 646 1478 699 segetes
1528 647 1710 691 infestare

326 718 365 756 ἀ
398 716 453 755 ibi
493 727 780 767 nonnunquam
818 717 1007 768 gregatim
1052 715 1268 756 adventare
1310 718 1405 757 mihi
1457 728 1567 758 certo
1613 732 1710 759 con-

175 784 268 835 stat,
306 787 456 838 quippe
496 798 612 837 quam
653 787 756 826 circa
790 786 1023 826 Berolinum
1061 786 1262 838 quondam
1306 799 1435 837 anno,
1476 790 1708 841 migratione

173 857 343 897 murium
389 857 485 896 mire
530 854 754 909 frequenti,
794 869 893 909 puer
942 855 1022 907 ipse
1071 859 1233 897 memini
1287 856 1450 907 vidiss'e,
1506 871 1705 910 quamque

178 919 398 970 Celeberr.
469 937 794 967 scnnssssssnvs
858 927 906 967 ad
960 937 1243 967 LtNxszM
1286 941 1307 968 a
1367 929 1407 968 se
1455 928 1706 970 transmissam

171 997 215 1035 in
260 995 419 1036 Litteris
468 995 674 1046 adfirmat,
740 999 821 1036 imo
865 996 976 1048 cujus
1026 1008 1469 1038 scnwssxxrssnovs
1519 1001 1559 1039 in
1608 993 1706 1044 the.

172 1059 433 1125 riotropheo
473 1059 641 1127 Silesiae
689 1065 865 1107 distinsta
918 1066 1154 1108 definitione
1195 1070 1375 1108 meminit
1408 1066 1474 1120 ¹²),
1516 1068 1706 1111 haetenus

173 1137 276 1177 inter
317 1136 455 1177 dubias
491 1136 530 1177 &
577 1149 659 1178 non
702 1137 913 1188 descriptas
954 1136 1083 1177 fuiffe.
1125 1162 1176 1168 —
1254 1138 1299 1178 In
1338 1138 1495 1201 Ruffiae⁴
1525 1139 1562 1180 &
1603 1139 1705 1181 Sibi.

172 1207 237 1246 riae
279 1217 506 1258 temperatae
541 1220 633 1260 agro
675 1209 791 1249 cultis
832 1208 1061 1261 regionibus
1105 1209 1154 1248 ab
1195 1207 1292 1249 Istro
1339 1209 1463 1261 usque
1510 1212 1560 1251 ad
1600 1211 1704 1266 leni-

172 1276 278 1318 seam
330 1278 637 1330 frequentiffima
696 1278 764 1320 est.
803 1303 855 1308 —
958 1278 1122 1333 Origine
1173 1280 1334 1331 quidem
1382 1280 1579 1331 sylvestris
1624 1280 1704 1322 esse

173 1347 334 1389 videtur
365 1348 404 1388 ἃ
440 1349 601 1403 habitu,
647 1351 821 1401 vitaeque
861 1361 1010 1402 genere
1050 1351 1230 1402 proxime
1272 1349 1321 1390 ad
1365 1349 1429 1393 M.
1468 1351 1704 1402 sylvaticum

169 1418 338 1462 accedit.
412 1418 493 1459 Sed
530 1421 698 1460 maxime
746 1421 917 1472 pullulat
960 1421 1063 1459 circa
1109 1420 1264 1473 segetes
1310 1420 1349 1460 δε
1387 1422 1615 1472 cannabim,
1662 1423 1702 1463 δε

171 1487 362 1543 nusq'uam
409 1489 558 1540 mnjore
591 1502 759 1531 numero
800 1499 985 1541 apparet,
1022 1502 1140 1541 quam
1179 1490 1250 1530 sub
1291 1501 1513 1542 mergetum
1548 1502 1700 1534 autum-

170 1571 226 1600 no
283 1562 325 1600 in
385 1561 483 1613 agris
535 1559 814 1614 congestorum
863 1561 1030 1600 cumulis
1077 1559 1117 1600 &
1162 1560 1233 1601 sub
1283 1559 1475 1602 frumenti
1524 1565 1699 1615 acervis,

171 1643 273 1682 quos
331 1629 462 1672 rustici
517 1632 654 1672 harum
715 1632 924 1684 regionum
975 1632 1016 1670 in
1067 1643 1210 1683 campo
1265 1644 1394 1684 prope
1451 1645 1578 1686 pagos
1626 1634 1696 1675 sub

169 1699 236 1741 dio
271 1700 456 1745 statuunt.
528 1701 725 1742 Ruffieum
770 1702 864 1741 hinc
895 1713 1046 1742 nomen
1081 1693 1285 1752 Shitnik‚
1331 1701 1457 1755 (Mus
1491 1703 1695 1757 segetalis)

166 1771 303 1812 naftus
335 1770 403 1814 est.
483 1769 537 1811 Et
566 1770 619 1812 fic
656 1771 818 1823 quidem
850 1773 1001 1823 ubique
1032 1772 1216 1812 omnibus
1252 1774 1362 1812 annis
1392 1772 1479 1814 sa'is
1509 1774 1699 1826 frequens

167 1841 206 1882 &
223 1842 424 1883 frumento
442 1843 584 1883 noxius
612 1841 669 1883 est
684 1872 697 1892 ‚
733 1840 939 1883 affociatus
964 1843 1199 1894 plerumque
1219 1841 1283 1880 M.
1302 1840 1517 1894 Muscu10‚
1541 1845 1695 1888 minuto

167 1912 206 1952 δι
229 1911 435 1965 sylvatico.
508 1911 609 1953 Sunt
623 1923 755 1953 tamen
772 1914 884 1963 anni,
910 1913 1052 1964 quibus
1071 1913 1140 1952 vel
1164 1924 1345 1965 annona,
1368 1915 1438 1953 vel
1464 1913 1696 1958 humiditate

167 1984 303 2025 aliisve
334 1982 457 2024 caufis
481 1984 664 2025 alicunde
702 1982 883 2033 abaftus‚
920 1982 1116 2024 immensis
1149 1984 1317 2024 catervis
1354 1985 1539 2037 quasdam
1575 1985 1695 2040 frugi-

163 2053 266 2096 feras
289 2055 474 2106 regiones
496 2055 682 2104 inundat,
709 2053 747 2094 &
775 2054 1029 2108 agricolarum
1057 2054 1166 2105 spem
1191 2057 1456 2096 autumnalem
1481 2059 1699 2099 voracitate

163 2126 230 2166 sua
264 2126 417 2165 minuit
489 2124 641 2165 Audivi
670 2125 746 2165 hac
782 2125 833 2165 de
860 2138 902 2166 re
938 2123 1172 2176 frequentes
1206 2125 1360 2184 passim,
1405 2128 1444 2166 in
1473 2126 1697 2170 Casaniensi

159 2195 368 2249 praesertim
404 2206 553 2248 regno,
600 2197 697 2249 agris
732 2195 980 2245 feliciffimo,
1025 2198 1229 2247 querela33
1273 2196 1312 2236 δε
1347 2198 1450 2236 inter
1485 2199 1558 2238 alia
1593 2200 1698 2242 circa

205 2281 241 2330 a)
263 2284 355 2317 “Mus
384 2285 496 2316 rubeus
514 2304 526 2310 -
549 2284 656 2324 rufus,
687 2283 782 2325 striga
813 2285 902 2325 nigra
953 2293 1210 2317 scawzxxf.
1227 2283 1306 2317 ther.
1320 2285 1400 2328 filet.
1419 2296 1451 2327 p.
1472 2296 1543 2326 ¹14·

161 2357 181 2376 „
198 2335 327 2374 dci-sali,
352 2341 460 2367 ventre
485 2335 566 2373 albo,
599 2335 745 2368 dentibus
776 2335 905 2377 fulvis„

931 2389 1030 2446 th
