1948 2630
201 182 275 218 230
727 166 830 201 mvs
880 163 1216 202 oeconomvs

204 272 294 314 suos
331 274 518 321 reputant
552 266 729 316 ideoque
766 263 954 305 occidere
990 260 1104 304 nefas
1139 262 1314 313 habent,
1350 263 1391 303 in
1428 262 1596 314 spoliato
1633 267 1747 306 antro
1801 278 1803 280 ·

187 339 436 383 munuscula
486 338 594 378 varia
656 335 822 377 ridicula
880 336 1136 387 relinquunt,
1196 335 1347 374 illatum
1401 332 1587 375 damnum
1640 335 1747 387 quast

205 409 517 462 compensaturi,
568 407 607 448 &
649 407 829 448 favorem
874 407 1043 447 murium
1088 405 1195 446 hisce
1241 404 1355 446 donis
1397 404 1467 445 fibi
1513 407 1746 447 conciliatu-

201 484 244 524 ri.
289 507 340 515 --
419 479 615 521 Feruntur
670 479 724 518 ibi
771 476 914 519 Mures
959 475 1078 518 nostri
1123 475 1256 516 aestivo
1304 486 1511 529 tempore,
1567 478 1658 519 dum
1705 478 1746 517 in

198 555 384 607 hyberno
421 549 530 591 vien
562 549 738 603 parando
774 550 976 598 laborant,
1021 548 1112 588 solis
1148 548 1280 588 baccis
1328 546 1542 599 herbisque
1589 549 1742 590 vivere,

197 626 400 667 Dicuntur
436 623 554 663 etiam
589 619 711 662 lectas
746 620 897 660 radices
934 619 1080 660 serenis
1106 618 1246 661 diebus
1271 628 1378 659 extra
1412 627 1543 668 antra,
1570 619 1741 658 laborio-

201 697 240 738 sa
268 695 470 749 diligentia
506 691 671 732 insulare
688 723 700 742 ‚
737 704 789 732 ne
828 691 1009 732 diuturna
1036 690 1105 730 sub
1133 701 1233 730 terra
1257 702 1366 730 mora
1394 689 1466 729 s1tu
1492 701 1745 742 corrumpan-

205 778 267 808 tur
302 790 352 796 —-
423 764 584 804 Accidit
620 774 879 804 ssi-:maeno
918 763 956 802 in
995 762 1139 802 vicinia
1177 761 1377 812 cujusdam
1416 763 1524 801 lacus
1568 760 1638 801 sub
1677 760 1743 800 dio

203 835 478 892 permeanti,
516 844 561 875 ut
595 846 774 888 magnam
813 834 1068 873 bulbillorum
1114 831 1361 884 quorundam
1406 832 1564 882 copiam
1600 833 1640 871 in
1674 844 1746 871 va.

206 921 321 950 cuam
358 918 515 947 ocream
554 912 820 956 congererent
856 915 1009 953 mures,
1057 915 1225 953 quorum
1272 901 1435 955 vestigia
1471 903 1628 943 secutus
1676 904 1745 943 de-

205 981 305 1020 texit
349 976 515 1029 equiseti
558 975 751 1026 hyemalis
796 974 964 1022 bulbos,
1009 973 1153 1024 quibus
1197 973 1281 1012 haec
1326 974 1482 1022 planta,
1525 973 1565 1011 in
1609 972 1746 1012 Kamt-

203 1050 383 1092 schaticis
420 1048 530 1088 terris
567 1045 842 1097 copiosissima‚
878 1053 1141 1096 propagatur,
1179 1055 1364 1094 quosque
1396 1042 1565 1091 deinde,
1603 1055 1623 1082 a
1647 1042 1746 1084 Mu-

204 1123 311 1164 ribus
349 1117 537 1167 edoehis,
574 1116 712 1158 coetos
749 1117 894 1169 pariter
932 1115 1158 1167 crudosque
1180 1114 1430 1166 sapidissimos
1454 1113 1492 1153 ἃ
1517 1113 1746 1155 Kamtscha-

207 1193 302 1233 dalis
340 1201 504 1243 quoque
541 1187 702 1229 usitatos
740 1195 927 1238 expertus
965 1185 1035 1226 est.

351 1254 662 1322 Certg'ffimum,
679 1260 775 1298 licet
791 1258 814 1298 s
809 1257 986 1298 ubdubie
996 1256 1247 1309 proposuerit
1264 1269 1287 1296 ι(
1297 1267 1355 1296 RA
1365 1270 1382 1298 s
1393 1269 1415 1296 c
1425 1267 1454 1296 n
1466 1268 1490 1296 n
1499 1267 1531 1296 N
1541 1268 1555 1296 1
1564 1268 1617 1296 Nl
1628 1269 1651 1297 ι(
1662 1268 1687 1299 o
1696 1258 1747 1307 1²·,'

205 1334 244 1376 ἃ
286 1346 371 1374 non
413 1331 540 1372 solum
585 1343 606 1370 a
649 1330 735 1369 solo
779 1340 1043 1370 sTrzLLERo
1088 1327 1388 1377 confirmatum,
1423 1327 1493 1368 sed
1537 1328 1746 1378 omnibus,

203 1407 273 1458 qui
308 1406 354 1444 ir}
384 1401 666 1442 Kamtschatka
707 1401 894 1440 vixerunt
936 1399 1171 1440 notissimum
1207 1397 1288 1448 est,
1332 1397 1476 1439 Mures
1513 1409 1747 1438 oeconomos

206 1475 322 1516 certis
360 1474 469 1513 annis
507 1483 530 1510 e
574 1471 684 1511 terris
718 1469 1043 1517 Kamtschaticis,
1096 1469 1164 1508 ubi
1209 1470 1307 1508 mire
1353 1470 1572 1520 pullulant,
1621 1468 1744 1508 demi-

207 1557 338 1600 grare,
381 1542 515 1596 prouti
550 1541 813 1592 hyperboreis
855 1539 1031 1579 Lemniis
1076 1549 1296 1589 eorumque
1344 1538 1521 1580 affinibus
1565 1538 1744 1580 solemne

209 1616 288 1662 est;
334 1615 414 1655 aliis
451 1612 587 1653 denuo
624 1612 734 1651 annis
770 1610 919 1662 magnis
956 1611 1091 1650 turmis
1126 1609 1197 1650 sub
1235 1618 1464 1649 autumnum
1503 1611 1746 1660 adventare,

206 1687 442 1738 insequente
491 1683 674 1733 vulpium
712 1682 952 1733 aliarumque
995 1681 1164 1721 ferarum
1202 1680 1403 1729 exercitu,
1441 1692 1603 1731 quarum
1645 1690 1740 1721 tunc

153 1765 159 1767 “
205 1756 468 1799 feracissimarn
495 1753 684 1804 hyemem
711 1753 894 1803 ingruere
928 1760 1142 1791 venatores
1170 1752 1362 1790 laetantur.
1397 1771 1449 1777 —-
1518 1749 1616 1802 Ejus
1642 1763 1742 1792 vero

206 1827 447 1881 migrationis
483 1825 599 1864 etiarn
634 1835 708 1876 per
744 1823 934 1873 reliquam
975 1821 1208 1862 orientalem
1249 1820 1451 1876 Sibiriam,
1489 1822 1741 1873 maximeque

207 1905 310 1942 inter
344 1895 553 1948 Tungusos
585 1894 774 1934 Dauuriae
807 1892 844 1932 &
886 1892 1057 1933 Baikalis
1100 1893 1256 1932 accolas
1299 1891 1402 1952 fama
1449 1891 1506 1932 est
1552 1893 1742 1932 notiffima

207 1968 265 2023 δ’).
340 1968 542 2008 Dicuntur
577 1964 732 2005 Mures.
757 1962 875 2003 nostri
913 1975 963 2002 ex
998 1965 1042 2003 iis
1078 1964 1248 2002 maxime
1286 1972 1476 2003 autumno
1525 1963 1740 2015 demigrare

207 2041 359 2095 pascuis
393 2038 462 2077 vel
495 2037 648 2083 insulis,
683 2047 769 2085 quae
809 2033 1061 2085 praesentiunt
1096 2033 1244 2084 hyeme
1275 2035 1342 2074 vel
1375 2033 1609 2086 insequente
1641 2046 1740 2074 vere

212 2110 513 2153 inundationem
563 2104 726 2158 pafl‘ura.
815 2104 969 2155 Vtique
1006 2104 1054 2143 ad
1088 2103 1232 2144 Turam
1275 2103 1461 2145 Dauuriae
1506 2105 1633 2145 rivum
1668 2117 1744 2157 per

207 2192 371 2233 magnos
408 2177 550 2218 traetus
587 2189 649 2216 me
695 2177 750 2216 ibi
793 2176 1071 2228 peregrinante
1116 2174 1349 2226 inundatos,
1402 2184 1509 2216 antra
1553 2174 1746 2216 derelista

252 2278 290 2322 ε)
315 2287 493 2311 utonex
517 2276 602 2322 Reis'e
622 2287 654 2320 p.
682 2278 744 2310 161.
769 2276 835 2309 162.
861 2275 972 2309 itidem
994 2274 1091 2317 testis,
