2032 2630
741 241 830 276 Mvs
881 242 1118 280 Μῦν-ινδ.
1614 253 1684 291 283

148 350 202 380 ex
237 341 359 381 unico
394 340 512 391 plane
552 337 765 390 specimine
797 337 951 380 noviffe
984 340 1163 390 videtur,
1201 341 1311 392 cujus
1343 342 1683 387 adumbrationem

143 410 320 451 diffusam
356 410 444 450 satis
479 408 517 448 δι
562 408 819 461 superfluam,
854 411 1016 451 iconem
1050 422 1150 451 vero
1196 412 1336 452 malam
1381 413 1504 465 dedit,
1548 416 1586 457 &
1629 417 1679 459 de

143 481 318 520 moribus
355 481 529 520 animalis
574 479 788 521 admodum
830 493 957 532 pauca
1003 482 1151 523 docuit.
1212 482 1284 541 >Id
1331 483 1455 525 solum
1503 500 1552 528 ex
1596 488 1680 539 ejus

145 551 404 591 adnotatione
444 550 646 599 discimus,
684 551 847 600 animal,
884 561 1024 602 praeter
1060 554 1229 596 triticum
1276 553 1314 592 &
1350 566 1514 606 panem,
1562 561 1680 600 etiam

142 620 288 661 Sesami
323 622 469 662 semina
504 623 648 674 pariter
684 621 818 662 oleosa
855 633 1007 669 amare3
1045 623 1217 663 interdiu
1245 623 1414 665 dormire
1442 627 1541 666 &in
1578 629 1678 670 som-

142 705 197 732 no
236 691 394 740 sudare;
432 693 615 744 circaque
650 690 875 745 pyramides
910 692 1088 746 Aegypti
1126 693 1164 733 δε
1205 694 1338 737 versus
1384 697 1564 740 Arabiam
1600 712 1679 741 ma.

142 764 249 803 xime
286 761 499 803 abundare.

275 889 406 930 Dedit
441 889 556 940 hujus
593 901 759 941 quoque
795 889 943 941 speciei
979 882 1148 944 figuram
1195 904 1279 932 non
1323 895 1537 946 optimam,
1582 898 1677 940 licet

140 955 285 1013 pictam
320 961 370 1001 ad
405 961 544 1002 vivum
581 961 622 1001 in
658 960 842 1013 Angliam
880 961 1052 1003 adlatum
1078 964 1375 1013 animalculum‚
1413 979 1677 1010 EDWARDSIVS

144 1025 249 1090 (av,
285 1025 379 1076 tab,
420 1023 586 1092 219.)
634 1030 672 1070 &
717 1031 824 1071 recte
868 1031 994 1084 pedes
1037 1032 1210 1086 posticos
1255 1044 1404 1075 tantum
1449 1038 1678 1093 tridaetylos

142 1101 221 1143 esse
260 1102 474 1143 affirmavit.
555 1100 776 1142 Meliorem
824 1103 983 1143 iconem
1028 1116 1118 1144 cum
1163 1103 1242 1145 fida
1295 1106 1559 1159 descriptione
1602 1124 1677 1154 nu.

143 1174 314 1225 peri-ime
353 1167 442 1217 Cel.
478 1184 781 1213 PENNAN'rvs
819 1173 944 1214 edidit
979 1168 1120 1232 (Syn.
1156 1170 1318 1236 quadr.
1341 1183 1386 1236 p.
1422 1186 1555 1241 295.
1583 1175 1689 1233 tab„

146 1249 238 1305 25,
253 1234 302 1302 f
332 1236 416 1305 3.)
454 1245 522 1295 qui
543 1245 636 1284 viva
672 1244 816 1295 pariter
839 1245 1054 1297 specimina
1076 1244 1304 1287 Londinum
1332 1249 1457 1289 adlata
1483 1251 1553 1291 sub
1580 1264 1679 1294 ocu-
1696 1239 1706 1249 ⁶

136 1315 204 1355 lis>
227 1315 387 1365 habuit,
425 1317 463 1355 δι
497 1313 654 1354 Zonam
689 1316 874 1367 uropygii
909 1314 1023 1356 fusco
1059 1341 1076 1349 -
1100 1317 1228 1357 albam
1279 1319 1326 1357 ab
1390 1315 1675 1382 Edwllrdsto

139 1386 253 1425 nimis
281 1395 416 1438 argute
455 1384 693 1438 expressam,
730 1386 772 1425 in
806 1386 883 1428 iuis
918 1397 1003 1427 non
1040 1387 1203 1438 videns,
1240 1390 1482 1432 varietatem
1519 1392 1673 1434 subess'e

137 1456 317 1498 credidit.

273 1584 360 1637 Ipse
396 1596 516 1625 evm·-
527 1596 678 1625 0N1vs
715 1583 896 1626 Murium
931 1585 1113 1627 saliorum
1139 1587 1320 1628 notitiam
1347 1599 1369 1628 e
1397 1591 1513 1631 variis
1539 1591 1677 1634 aufto.

137 1657 243 1697 ribus
297 1663 449 1697 tantum
501 1656 659 1696 corrafit
708 1656 746 1696 &
798 1656 897 1696 nihil
947 1659 1047 1698 novi
1092 1658 1261 1708 addidit,
1309 1672 1425 1711 quam
1470 1663 1604 1713 quod,
1650 1677 1673 1706 e

139 1738 364 1768 GMELINI
399 1727 540 1767 vitiosa
577 1728 842 1777 descriptione
878 1729 1051 1778 pedum,
1094 1727 1271 1770 Iaculum
1317 1731 1512 1772 fibiricum
1558 1747 1672 1786 paene

138 1798 271 1849 specie
310 1796 627 1849 distinguendum
664 1800 865 1847 putaverit
901 1792 1016 1854 (loc.
1055 1794 1132 1843 cii·-
1158 1805 1208 1857 p.
1252 1794 1442 1862 184.);
1478 1797 1672 1849 Dzlmtin

139 1879 328 1910 sHAwn
366 1877 502 1907 contra
539 1879 628 1907 cum
666 1866 731 1905 M.
778 1867 996 1918 longipede
1042 1879 1260 1908 LINNAEI
1309 1872 1585 1923 confundens,
1631 1875 1670 1916 δι

138 1941 232 1980 item
270 1939 396 1988 male,
434 1947 478 1978 ut
512 1937 624 1988 supra
661 1937 874 1977 indicatum
902 1936 980 1987 est,
1019 1933 1258 1983 Lemurem
1286 1934 1515 2000 Spebimmae
1544 1938 1668 2002 (not.

136 2004 210 2068 a.)
248 2011 286 2049 in
326 2011 607 2062 cognationem
644 2008 786 2048 horum
811 2010 976 2049 murium
1014 2008 1219 2050 deducens
1268 2005 1328 2069 (l.
1347 2018 1451 2070 pc.
1487 2009 1666 2076 183.)

273 2134 430 2179 Poffum
478 2136 684 2188 zoologos
729 2134 1009 2187 Systematicos
1054 2136 1160 2177 ficco
1207 2138 1291 2178 fere
1336 2139 1443 2190 pede
1490 2143 1668 2197 transire,

136 2221 258 2263 quum
303 2209 400 2248 nihil
446 2208 593 2258 proprii
639 2206 798 2246 habent.
887 2206 1048 2246 Etenim
1101 2219 1347 2248 KLEINIVS
1397 2209 1435 2249 &
1478 2224 1666 2255 Bmsso-

135 2292 257 2321 Nivs
309 2278 451 2318 Mures
505 2277 617 2317 salios
668 2277 788 2327 plane
843 2277 1189 2330 praetermiserunt,
1241 2289 1391 2320 tantum
1442 2282 1667 2334 posterioris

134 2351 386 2405 Epitomator
419 2342 543 2403 (Cel.
586 2345 850 2401 AMAMAND)
889 2361 911 2390 e
943 2360 1177 2411 GMELINQ
1214 2349 1337 2392 Iaculi
1383 2350 1524 2394 fibirici
1560 2359 1663 2400 noti.
