1948 2630
208 151 281 190 292
789 141 890 177 mvs
940 141 1176 178 IACVLVS.

207 238 426 298 (ovinum)
478 241 738 293 appellarunt.
819 239 1040 281 Baschkiris
1091 242 1236 292 pariter
1285 239 1324 281 &
1358 240 1623 294 Kigisotataris
1661 225 1748 287 Ial-

209 323 313 358 mlln
347 313 371 352 s.
407 305 727 373 Dshjalman-
760 304 933 357 KoirOk
974 312 1094 353 audit.
1174 311 1280 353 Russi
1315 315 1440 366 vulgo
1477 312 1747 365 Lepusculum

211 383 428 425 terrestrem
491 376 760 441 (Semlaenoi
829 375 975 440 Sae'z)
1032 382 1080 423 ad
1140 382 1292 423 Iaikum
1358 377 1749 446 Tzffchkmztschik

208 452 563 509 (Lepuscuium),
623 454 866 495 mediocrem
920 467 1018 496 vero
1076 455 1307 496 varietatem
1361 455 1563 507 speciatim
1608 449 1748 500 [emil-

207 519 445 588 v‘alllss‘hlk
481 538 642 566 vocant.

307 647 547 687 ·Videntur
599 648 638 687 in
691 647 826 689 calidis
877 648 1026 700 pluries
1072 648 1237 688 durante
1282 647 1411 689 aestate
1458 659 1608 699 parere.
1704 647 1750 688 In

208 727 345 759 trans-
369 718 583 759 baikalensl
627 720 816 772 regione,
873 720 942 760 ubi
979 720 1047 760 vix
1084 718 1200 770 Majo
1239 731 1311 759 ver
1344 719 1532 771 tepescit,
1579 732 1746 772 quaeque

209 791 385 830 omnium
423 802 518 842 quas
555 791 696 830 colunt
731 790 854 830 Iaculi
889 789 1123 842 frigidissima
1159 789 1216 830 est
1250 791 1386 842 regio,
1423 792 1555 841 primis
1587 792 1747 831 demum

207 859 309 900 Iunii
347 862 486 901 diebus
524 862 655 912 pullos
692 861 843 901 adlatos
880 861 1022 910 habui,
1067 861 1146 912 jam
1189 861 1363 912 aliquot,
1409 863 1544 901 uncias
1591 874 1747 913 aequan-

207 940 289 979 tes,
326 933 422 971 licet
458 930 588 971 adhuc
625 943 770 972 coecos.
864 930 912 972 In
949 931 1117 982 Caspico
1163 931 1319 972 deserto
1360 931 1440 982 jam
1484 933 1596 972 initio
1645 932 1748 984 Maji

206 1003 385 1055 pariunt,
442 1001 480 1042 &
516 1001 652 1043 denuo
689 1001 917 1055 Septembri
952 1003 1087 1044 medio
1126 1003 1230 1043 circa
1273 1001 1427 1043 Ia'icum
1474 1004 1613 1055 accepi
1660 1005 1748 1055 plu-

206 1075 283 1114 ries
330 1075 526 1113 varietatis
570 1075 730 1114 minoris
774 1074 1010 1125 specimina,
1068 1074 1243 1115 mammis
1300 1073 1462 1127 turgidis
1511 1075 1549 1115 &
1594 1075 1748 1126 papillis

207 1145 325 1194 laxis,
363 1144 510 1197 rugosis
551 1145 668 1186 valde
705 1145 1044 1198 prominentibus,
1078 1154 1126 1187 ut
1158 1157 1246 1196 quae
1285 1144 1391 1187 haud
1432 1145 1580 1186 dudum
1622 1158 1747 1198 pepe-

207 1213 294 1257 riss'e
338 1216 589 1257 videbantur.
681 1216 813 1270 Quam
851 1216 1058 1257 numerosa
1102 1215 1226 1256 soleat
1276 1213 1355 1257 esse
1396 1218 1545 1268 proles.
1573 1216 1746 1258 indicare

207 1286 316 1327 haud
358 1289 511 1340 iatag03
550 1299 601 1327 ex
641 1299 808 1328 numero
856 1297 990 1329 tamen
1030 1288 1262 1341 papillarum
1308 1285 1512 1330 octonario
1563 1287 1749 1341 insignior
1788 1268 1799 1280 ⁹

207 1358 368 1398 videtur
408 1356 636 1399 statuendus
673 1360 874 1410 pullorum
919 1371 1123 1400 numerus.
1214 1356 1379 1409 Hyeme
1415 1358 1617 1400 certiffime
1662 1367 1747 1399 tota

207 1428 356 1487 torpidi
393 1429 431 1468 δε
467 1429 548 1469 fine
584 1430 666 1470 ullo
709 1431 899 1470 alimento
937 1431 1085 1479 latent,
1121 1428 1297 1481 ideoque
1332 1442 1410 1470 nec
1451 1442 1599 1481 penum
1651 1441 1747 1469 con-

209 1500 321 1539 dunt.
426 1499 470 1538 In
514 1500 891 1541 Astrachaneniibus
939 1509 1071 1542 tamen
1115 1498 1277 1540 desertis
1332 1499 1433 1552 saepe
1485 1500 1562 1552 jam
1612 1500 1746 1541 medio

206 1564 430 1619 Februarii,
465 1569 492 1610 fi
530 1572 664 1612 calidae
707 1572 948 1624 contigerint
981 1569 1065 1612 dies
1098 1582 1149 1611 ex
1194 1571 1310 1611 antris
1352 1573 1525 1625 gigantei
1569 1571 1608 1612 &
1636 1583 1748 1624 pyg-

206 1639 293 1680 maei
328 1643 549 1693 prodeunt,
584 1643 637 1683 ita
692 1654 825 1683 tamen
870 1651 915 1683 ut
972 1643 1182 1695 ingruente
1236 1640 1371 1683 denuo
1419 1642 1566 1696 frigore
1607 1643 1750 1683 iterum

210 1712 452 1753 delitescant.

747 1844 1222 1899 DESCRIPTIO

549 1940 908 1992 MVRIS
985 1940 1411 1993 IACVLI.

909 2033 980 2066 Tab.
1015 2035 1095 2069 XX.

353 2106 563 2156 Maximi
616 2111 795 2152 Sciurum
867 2124 1045 2164 aequant,
1115 2108 1252 2158 medii
1303 2114 1458 2154 circiter
1506 2114 1613 2155 Ratti
1660 2115 1748 2156 sunt

211 2185 340 2233 mole,
378 2178 543 2228 ml's'lllti
577 2182 641 2222 M.
684 2183 862 2235 sylvestri
903 2186 972 2224 vix
1004 2184 1172 2236 majores
1202 2185 1302 2226 sunt.
1401 2184 1569 2227 Medios
1602 2186 1747 2227 deinde

210 2254 405 2308 sigillatim
451 2254 680 2295 describam.

1596 2321 1746 2386 Caput
