2032 2630
767 205 868 243 MVS
921 205 1165 242 TYPHLVS.
1668 215 1737 253 ¹57

193 304 572 359 perpendiculariter
590 306 628 343 in
645 303 888 355 profundum
906 304 943 345 se
961 303 1118 346 defodit
1134 304 1313 356 penitus,
1329 312 1374 345 ut
1389 303 1545 345 nonnisi
1564 305 1730 346 mollitie

191 387 326 428 terrae,
369 389 446 429 qua
486 377 663 416 canalem
717 376 829 427 supra
863 376 902 416 se
939 377 1145 429 opplevit,
1200 377 1403 428 prodatur..
1441 403 1492 410 -
1580 374 1730 429 Captus

196 448 327 489 morsu
361 449 575 498 acerrimo,
614 457 651 486 at
681 455 845 500 propter
882 449 1118 488 coecitatem
1147 447 1268 487 facile
1306 448 1495 488 evitando
1524 448 1562 487 se
1590 446 1730 489 defen·

199 519 276 569 dit,
329 532 462 572 eoque
515 530 622 559 extra
661 528 800 558 terram
842 520 1035 558 continuo
1079 520 1269 567 minatur,
1314 517 1467 558 sublato
1510 519 1728 560 auscultans

198 592 352 642 capite,
389 599 433 632 ut
469 592 508 630 in
546 591 663 630 icone
705 588 833 630 nostra
870 582 1020 648 (ΤΗΙ).
1065 580 1209 644 VII.)
1247 586 1469 640 expressum
1503 588 1570 629 est.
1651 587 1728 629 Ni-

197 662 254 701 hil
287 672 419 703 autem
458 662 621 702 omnino
650 660 719 700 nisi
750 660 862 700 sensu
889 661 958 700 vel
992 659 1126 700 auditu
1154 660 1346 710 percipit,
1375 658 1412 698 δε
1436 659 1562 711 Talpa
1586 661 1732 700 coecior

197 731 386 774 incaffiun
427 731 532 773 furit.
619 731 730 772 Dum
771 731 962 771 lacessitur
1006 729 1150 780 stertit,
1195 731 1265 770 vel
1311 729 1418 781 quast
1458 730 1622 771 muffitat
1661 732 1730 771 ira-

197 803 373 853 cundus,
417 803 602 843 dentibus
643 813 755 842 more
799 803 954 856 generis
991 800 1203 850 frendens,
1244 801 1356 841 nullo
1397 813 1570 855 unquam
1628 801 1730 849 alio,

197 875 293 915 licet
342 875 391 915 ad
438 872 641 914 mortifera
679 874 869 924 vulnera,
914 872 1010 913 mihi
1051 872 1150 912 sono
1193 871 1412 913 exauditus.
1444 895 1496 901 —
1578 870 1731 922 Sponte

196 946 290 986 alias
328 957 413 986 non
438 957 523 984 raro
562 956 613 984 ex
648 945 764 985 antris
790 944 943 996 prodit,
979 944 1174 984 matutino
1208 942 1418 995 praesertim
1446 951 1657 994 tempore,
1695 942 1734 982 δι

197 1016 363 1057 dur-ante
405 1015 521 1057 oestri
550 1015 720 1068 periodo
765 1017 883 1055 etiam
928 1014 1123 1068 interdiu,
1165 1022 1210 1054 ut
1245 1014 1286 1054 in
1315 1015 1454 1065 aprico
1497 1025 1589 1054 cum
1626 1012 1733 1053 socia

195 1089 427 1128 conveniat.
522 1086 727 1138 Sporadici
770 1088 875 1127 enirn
904 1087 1070 1135 vivunt,
1101 1097 1178 1125 nec
1212 1085 1323 1125 ullibi
1360 1085 1461 1125 adeo
1498 1084 1731 1137 frequentes

196 1171 244 1198 ac
274 1160 390 1199 certis
428 1159 467 1198 in
509 1158 737 1211 regionibus
781 1156 1013 1206 Mai-motae,
1059 1157 1139 1196 imo
1165 1157 1234 1195 vel
1280 1154 1414 1196 Citilli.
1442 1179 1493 1184 —
1563 1153 1728 1205 Hyeme

196 1228 398 1281 torpidum
447 1229 554 1269 haud
597 1227 682 1268 fieri
716 1227 920 1280 Typhlum
956 1227 1175 1268 continuati
1226 1228 1266 1266 in
1313 1226 1439 1267 serum
1494 1225 1618 1278 usque
1664 1237 1730 1265 au-

199 1310 378 1340 tumnum
432 1299 587 1340 labores
638 1301 828 1352 probant3
881 1298 1112 1358 Novembri
1164 1297 1298 1337 mense
1349 1299 1387 1336 in
1444 1296 1731 1336 australioribus

193 1368 417 1411 fodientem
456 1371 558 1422 cepi.
632 1370 770 1412 Pax-ant
814 1379 945 1410 autem
980 1369 1048 1409 illo
1086 1379 1268 1420 tempore
1302 1367 1627 1419 profundiorem,
1660 1369 1731 1407 cir-

198 1454 245 1481 ca
272 1441 422 1481 arbusta
447 1443 513 1481 vel
554 1440 712 1482 arbores
743 1441 879 1480 nidum
926 1440 963 1479 &
1005 1440 1116 1480 molli
1158 1439 1333 1480 radicum
1376 1438 1516 1490 stuppa
1557 1441 1728 1489 replent.

196 1511 262 1553 An
299 1525 398 1553 vero
435 1511 649 1564 quidquam
682 1525 754 1565 pro
790 1511 964 1562 hyemali
999 1512 1090 1550 cibo
1133 1512 1344 1564 colligant,
1382 1511 1451 1550 vel
1484 1522 1530 1549 an
1564 1509 1729 1561 profun-

197 1584 328 1625 diores
365 1593 461 1625 tunc
503 1581 655 1623 radices
688 1582 907 1632 sedientur‚
949 1594 1032 1622 non
1075 1582 1311 1622 determino.
1392 1579 1566 1620 Fortaffis
1612 1581 1730 1620 etiam

193 1655 415 1707 rigidissimo
467 1652 627 1694 demum
670 1655 764 1707 gelu
806 1652 1105 1694 obdormiscunt
1146 1652 1184 1692 &
1230 1652 1369 1692 somno
1407 1651 1520 1692 saturi
1560 1651 1732 1692 mediam

191 1727 384 1779 hyemem
415 1726 609 1775 tolerant,
646 1727 757 1778 quod
790 1735 923 1765 tamen
954 1736 1091 1777 parca,
1145 1725 1262 1764 etiam
1311 1723 1600 1764 autumnalibus
1646 1724 1732 1775 pin-

193 1798 332 1851 guedo
370 1798 408 1837 &
445 1795 716 1850 glandularum
749 1796 890 1847 thymo
919 1797 1169 1848 analogarum
1202 1793 1331 1847 (quas
1369 1795 1547 1834 animalia
1580 1794 1729 1844 hyeme

194 1869 324 1920 sopita
363 1879 507 1921 magno
555 1876 741 1918 apparatu
780 1863 963 1917 habent)
1009 1864 1191 1905 defectus
1236 1863 1497 1914 improbabile
1542 1863 1727 1904 reddunt.

199 1939 459 1981 Gratiffimum
520 1938 697 1989 alioquin
753 1937 943 1990 pabulum
1009 1935 1160 1976 radices
1222 1933 1495 1987 Chaerophylli
1540 1933 1727 1984 bulbofi,

193 2013 496 2067 graminumque
540 2008 822 2061 caespitantium
856 2007 1046 2060 praebent.
1142 2005 1246 2046 Illud
1283 2005 1490 2056 praesertim
1524 2005 1593 2044 ubi
1645 2018 1729 2045 cre-

197 2085 294 2133 scit,
320 2083 390 2123 vix
415 2092 588 2132 unquam
625 2081 773 2120 cumuli
806 2078 948 2118 horum
984 2078 1207 2118 animalium
1240 2076 1401 2125 desunt,
1443 2075 1550 2116 unde
1586 2075 1730 2126 potiffi-

198 2167 309 2197 mum
343 2154 384 2193 in
416 2151 665 2192 convallibus
703 2150 741 2190 &
773 2149 956 2201 depreffis
988 2160 1216 2200 camporum
1250 2155 1475 2187 occurrunt.
1549 2145 1630 2186 Sed
1663 2148 1728 2186 ali-

201 2238 240 2269 as
277 2235 439 2278 quoque
476 2221 628 2262 radices
662 2220 884 2274 promiscue
915 2219 1085 2270 rodunt,
1118 2230 1201 2258 non
1232 2217 1313 2258 sine
1346 2216 1643 2270 praedilectione
1675 2217 1735 2257 sa-⁴

195 2296 373 2352 pidiores
410 2294 672 2346 seligentium.
762 2290 917 2333 Herbas
949 2303 1048 2331 vero
1093 2289 1388 2341 qualescunque
1429 2290 1580 2329 oblatas
1614 2299 1658 2329 ut
1693 2288 1730 2328 δε

859 2392 866 2402 ·
918 2372 954 2412 x
